2035 3359
136 206 217 241 138

131 317 228 350 Puer
253 319 405 351 nutritur
434 319 592 351 materiis
624 319 880 352 essencialibus
913 320 974 352 ho-

206 377 311 409 minis
339 378 416 417 130,
445 378 500 409 13.

130 436 270 468 Puncta
308 436 378 469 duo
418 438 454 468 in
494 437 618 469 eodem
657 438 726 469 situ
768 448 838 470 non
881 441 975 478 sunt,

200 495 516 536 proporcionaliter
554 495 597 528 de
634 495 741 529 lineis
781 499 815 528 et
854 507 975 539 super-

204 552 352 585 ficiebus
378 554 434 592 49,
462 556 517 586 25.

134 612 413 654 Quadrangulus
440 614 496 653 82,
525 615 579 645 12.

130 671 243 703 Racio
272 671 426 703 elidendi
451 671 656 714 superbiam
682 673 738 711 26,
766 674 797 704 6.

130 730 280 762 Rectum
313 733 346 762 et
377 730 561 773 obliquum
593 729 794 773 significant
827 731 975 763 eandem

199 799 273 821 rem
300 789 497 821 secundum
525 789 702 832 disparem
728 789 974 822 habitudinem

202 857 350 879 casuum
376 848 432 887 20,
462 848 516 879 10.

130 906 363 938 Resurreccio
390 905 506 939 finalis
534 908 612 946 130,
639 909 694 939 21.

130 964 292 1006 Sangwis
326 965 372 1007 (v.
400 965 494 1007 esus)
528 966 680 1007 sangwis
713 968 747 997 et
779 967 886 998 ceteri
912 966 974 998 hu-

200 1034 317 1055 mores
343 1026 425 1056 sunt
451 1024 599 1055 animati
627 1025 681 1064 73,
710 1026 763 1058 11.

131 1082 274 1115 Sanitas
292 1082 548 1124 multiplicatur
567 1093 630 1125 per
644 1085 755 1114 totum
776 1083 974 1116 subiectum

201 1143 257 1181 83,
284 1142 338 1174 22.

132 1200 238 1232 Scola
265 1201 463 1232 communis
489 1200 595 1233 hodie
621 1201 769 1233 audiens
796 1202 851 1242 53,
880 1203 933 1233 20.

132 1259 310 1301 Scripture
341 1262 414 1290 tam
439 1259 557 1291 verbis
590 1269 696 1302 quam
729 1259 892 1292 sensibus
922 1261 973 1292 in-

202 1317 308 1349 tendo
336 1320 505 1360 tanquam
531 1318 654 1360 regule
681 1320 713 1359 3,
743 1320 794 1350 17.

131 1376 276 1409 Semina
301 1376 467 1408 arborum
494 1380 707 1409 conservant
739 1378 905 1416 animam,
936 1381 974 1409 ut

205 1438 302 1477 patet
328 1435 372 1467 de
400 1436 495 1477 cepis
523 1439 557 1467 et
583 1435 661 1467 aleo
689 1437 743 1475 66,
772 1437 825 1468 12.

133 1494 289 1535 Serpens
313 1504 346 1525 v.
374 1494 535 1526 anulosa.

132 1552 411 1594 Sesquialteram
438 1554 493 1594 81,
522 1555 575 1585 15.

132 1611 409 1653 Sesquiterciam
436 1612 490 1649 81,
519 1613 573 1644 15.

132 1669 279 1712 Signum
295 1670 387 1702 idem
404 1670 553 1702 eandem
568 1680 756 1712 personam
774 1670 972 1712 significare

201 1728 397 1760 secundum
418 1728 575 1770 dispares
597 1730 759 1762 raciones
778 1740 849 1761 non
870 1730 973 1762 obest

203 1789 257 1826 20,
286 1789 315 1819 6.

132 1845 197 1878 Sor
223 1846 276 1883 99,
307 1848 347 1877 12
375 1856 444 1887 sq.;
476 1847 551 1885 130,
581 1848 641 1888 1533
669 1846 712 1878 cf.
739 1845 922 1878 Addenda.

131 1904 280 1946 Spiritus
306 1904 555 1946 multiplicitur
573 1906 724 1936 sumitur
741 1906 775 1936 in
797 1906 972 1948 scriptura

203 1963 279 2002 105,
308 1966 363 1995 20.

132 2040 178 2044 —-
205 2024 258 2053 est
282 2023 401 2054 anima
427 2024 538 2064 prima
566 2024 595 2062 7,
625 2024 678 2054 19.

133 2099 178 2103 -
205 2084 344 2113 creatus
390 2081 505 2113 differt
548 2082 593 2113 ab
636 2083 792 2114 increato
835 2084 866 2120 8,
911 2084 970 2124 20,

203 2139 317 2171 differt
344 2150 364 2171 a
391 2139 567 2172 materiali
586 2142 747 2172 essencia
771 2142 825 2179 12,
845 2143 887 2172 20
906 2152 969 2182 ss.;

202 2208 223 2229 a
248 2202 375 2230 natura
401 2200 539 2240 integra
569 2201 621 2240 13,
648 2200 683 2240 6,
721 2199 765 2231 ab
792 2199 969 2232 attributis

203 2257 277 2288 eius
306 2258 359 2296 13,
386 2258 442 2289 25.

134 2334 176 2338 -—
203 2314 360 2357 triplices
390 2318 445 2355 72,
473 2318 525 2348 10.

132 2393 175 2399 —
200 2375 348 2406 increati
375 2375 588 2417 septuplicia
613 2375 706 2407 dona
734 2377 787 2415 72,
817 2378 870 2408 13.

132 2451 173 2455 —
202 2433 348 2474 requirit
373 2443 499 2474 corpus
526 2434 731 2474 organicum
758 2436 788 2474 7,
810 2436 869 2476 14,
897 2444 969 2466 cor-

201 2492 278 2532 pori
303 2490 455 2524 afficitur
483 2493 513 2533 7,
543 2493 595 2523 17.

799 202 1026 235 GENERAL
1052 203 1206 236 INDEX
1214 229 1221 237 .

1050 320 1200 363 Spiritus
1215 321 1394 354 mediante
1412 322 1536 363 spiritu
1554 322 1708 354 naturali
1720 323 1757 354 in
1772 325 1888 365 epate,

1118 379 1217 412 vitali
1234 381 1270 411 in
1288 380 1405 420 corde,
1423 380 1570 412 animali
1585 381 1623 412 in
1641 382 1756 424 capite
1771 381 1890 413 anima

1120 440 1258 480 corpori
1284 443 1337 471 est
1363 439 1529 481 copulata
1556 441 1633 480 107,
1662 442 1714 472 11.

1050 496 1261 540 Superficies
1289 499 1333 538 (v.
1360 496 1505 539 puncta)
1534 500 1590 537 52,
1619 499 1671 530 19.

1048 556 1180 588 Tactus
1212 567 1284 588 non
1316 557 1420 589 sentit
1445 556 1647 590 naturalem
1673 556 1889 600 complexio-

1120 626 1200 648 nem
1225 615 1326 648 verbi
1352 614 1503 648 subiecti
1527 616 1584 655 89,
1613 618 1666 648 10.

1049 674 1216 716 Tempus,
1267 674 1412 706 duracio
1462 673 1586 706 mundi
1634 674 1890 717 multiplicatur

1119 732 1253 775 ubique
1279 734 1335 774 85,
1366 734 1418 765 15.

1048 811 1093 815 —
1118 791 1532 834 presupponitparciales
1542 791 1754 824 duraciones
1768 792 1887 832 83,15.

1048 850 1235 882 Terminus
1260 860 1293 884 v,
1320 851 1475 892 signum.

1048 909 1290 951 Tetragonum
1316 910 1373 948 82,
1400 911 1438 950 23
1466 911 1496 941 6.

1048 967 1245 1009 Treanguli
1269 968 1325 1009 81,
1354 969 1407 999 17.

1048 1026 1242 1069 Trigonum
1269 1027 1325 1066 82,
1351 1028 1389 1068 2,
1417 1027 1449 1058 5.

1048 1084 1273 1118 Universalia
1290 1087 1322 1125 5,
1341 1086 1403 1127 24,
1427 1086 1553 1128 10,19;
1576 1086 1630 1125 79,
1650 1087 1709 1126 22;
1733 1087 1889 1128 111,10;

1120 1145 1197 1186 114,
1228 1147 1280 1176 15.

1047 1202 1203 1234 Verbum
1247 1207 1281 1234 et
1322 1202 1526 1234 humanitas
1569 1202 1693 1234 eadem
1734 1211 1888 1243 persona

1120 1263 1198 1301 102,
1216 1262 1277 1302 283
1303 1260 1401 1293 aliud
1420 1264 1472 1293 est
1488 1263 1679 1303 postquam
1697 1260 1764 1292 fuit
1782 1260 1886 1292 homo

1118 1329 1223 1362 quam
1251 1319 1317 1351 fuit
1342 1320 1397 1357 85,
1428 1321 1480 1351 10.

1050 1398 1090 1401 -
1119 1379 1193 1410 eius
1219 1379 1422 1410 incarnacio
1453 1379 1530 1418 103,
1558 1380 1612 1410 16.

1047 1457 1090 1460 -—
1117 1447 1272 1479 persona
1302 1441 1421 1470 manet
1455 1437 1598 1479 quando
1633 1440 1685 1469 est
1716 1436 1821 1468 homo
1855 1439 1889 1468 et

1118 1496 1260 1538 quando
1287 1506 1358 1527 non
1387 1497 1464 1535 110,
1493 1497 1546 1528 18.

1048 1574 1089 1579 -
1116 1556 1265 1587 assumit
1290 1555 1547 1587 humanitatem
1575 1556 1654 1594 115,
1680 1556 1740 1594 22;
1767 1557 1886 1586 tamen

1116 1614 1218 1646 aliter
1244 1624 1350 1655 quam
1376 1615 1518 1656 spiritus
1545 1617 1683 1645 creatus
1719 1615 1795 1654 115,
1823 1614 1883 1652 30;

1118 1674 1336 1705 conveniunt
1355 1676 1474 1705 autem
1492 1673 1527 1704 in
1545 1672 1658 1704 tribus
1678 1673 1755 1710 116,
1778 1673 1819 1703 14
1839 1681 1884 1703 ss.

1050 1751 1087 1754 —
1116 1732 1246 1764 dicitur
1272 1742 1452 1763 assumere
1470 1731 1537 1763 sibi
1557 1741 1682 1772 corpus
1708 1731 1739 1770 9,
1765 1731 1801 1771 7,
1831 1732 1885 1761 est

1115 1790 1221 1832 longe
1230 1790 1374 1822 liberior
1383 1800 1489 1832 quam
1499 1790 1642 1832 spiritus
1652 1790 1882 1829 creatus9,23.

1044 1849 1126 1881 Vita
1144 1850 1293 1880 sumitur
1309 1859 1403 1880 nunc
1421 1858 1484 1890 pro
1510 1848 1702 1879 duracione
1728 1848 1885 1889 corporis

1115 1908 1278 1945 viventis,
1309 1917 1405 1938 nunc
1438 1917 1501 1948 pro
1535 1909 1615 1938 actu
1641 1905 1741 1938 vitali
1768 1905 1883 1937 elicito

1116 1966 1170 2005 55,
1200 1968 1215 1998 1
1245 1976 1291 1997 ss.

1045 2025 1165 2056 Virtus
1203 2024 1262 2067 (cf.
1301 2025 1410 2058 visus,
1454 2024 1583 2066 tactus)
1625 2024 1767 2065 organis
1807 2022 1884 2055 alli-

1115 2087 1199 2125 gata
1224 2084 1279 2123 89,
1308 2084 1340 2116 9.

1043 2143 1106 2175 Vis
1122 2143 1328 2184 generativa
1343 2143 1398 2180 63,
1416 2144 1451 2183 1,
1470 2142 1736 2183 augmentativa
1754 2142 1809 2177 62,
1826 2141 1881 2172 21.

1043 2201 1150 2233 Visus
1183 2211 1253 2232 non
1287 2201 1392 2232 sentit
1431 2200 1708 2242 diaphanitatem
1749 2198 1883 2230 cristal-

1113 2259 1216 2291 leidis
1244 2260 1300 2300 89,
1329 2260 1359 2290 9.

1043 2316 1332 2359 Ydemptificacio
1348 2317 1490 2360 quando
1506 2316 1747 2358 estpossibilis
1758 2316 1862 2355 120,7
1876 2327 1882 2354 ;

1113 2375 1334 2418 quadruplex
1353 2377 1429 2417 120,
1449 2378 1505 2418 193
1528 2374 1761 2407 subtilissima
1777 2375 1882 2406 trium

1114 2445 1229 2465 rerum
1273 2435 1308 2465 in
1352 2434 1475 2466 eadem
1518 2433 1679 2465 essencia
1724 2435 1799 2474 121,
1842 2433 1880 2474 8,

1113 2493 1240 2525 mentis
1268 2503 1347 2524 cum
1374 2492 1595 2524 animacionc
1623 2493 1700 2533 121,
1727 2492 1771 2523 25
1798 2501 1842 2522 ss.
