2035 3359
171 219 254 247 οΑΡ.
274 206 326 266 v.]
477 220 543 252 DE:
570 217 929 252 οοΜΡοεῐθΙοΝΕ
954 218 1170 252 nonnus,
1710 211 1760 249 91

149 333 339 369 econtra.
373 325 483 368 Nam
515 325 756 382 paternitas
790 330 855 367 est
885 325 1025 367 forma
1055 323 1332 367 indivisibilis
1366 338 1471 380 quo-

148 397 203 438 ad
255 396 428 451 molem,
475 411 573 438 cum
620 395 745 438 aliter
788 395 982 451 quelibet
1032 410 1131 451 pars
1185 394 1473 451 quantitativa

149 467 238 509 dati
272 467 469 523 corporis
512 466 627 508 foret
670 471 816 522 pater3
862 471 904 507 et
946 471 1094 507 tamen
1139 470 1319 521 constat,
1353 463 1471 520 quod

146 537 386 593 paternitas
420 536 717 592 corrumpitur
761 541 903 578 morte
950 536 1101 591 patris,
1152 541 1194 577 et
1226 535 1287 576 sic
1320 540 1383 577 est
1418 534 1471 576 de

111 619 131 650 5
148 621 426 664 quacumque
439 606 582 648 forma
600 604 809 648 divisibili
822 604 894 648 vel
915 604 1170 647 indivisibili
1192 604 1471 661 dependente

146 691 172 718 a
223 675 499 732 corruptibili
549 676 749 717 materia.
814 674 976 717 Forma
1031 680 1180 716 autem
1241 673 1470 717 divisibilis

147 746 404 803 dependens
436 760 462 787 a
494 746 691 788 subiecto
738 743 1063 801 incorruptibili
1094 750 1319 801 tamquam
1351 744 1468 800 prin-

146 817 258 873 cipio
292 816 524 872 adequato‚
559 821 615 857 est
647 814 979 871 incorruptibilis
1011 819 1058 856 ut
1089 820 1213 871 patet
1237 814 1291 857 de
1315 829 1469 870 corpo-

144 887 300 929 reitate
343 887 479 942 partis
518 886 612 942 celi7
661 901 746 942 que
785 891 851 928 est
896 884 1240 941 incorruptibilis
1289 890 1471 941 propter

88 969 130 1000 10
150 956 454 998 condicionem
486 956 683 998 subiecti.

206 1026 411 1069 Secundo
445 1032 583 1068 restat
616 1025 778 1078 dicere,
825 1027 861 1068 si
891 1027 934 1068 in
969 1025 1165 1083 quolibet
1197 1024 1373 1067 animali
1405 1030 1471 1067 tot
1485 1031 1521 1056 111
1542 1031 1762 1064 everyanimal

1515 1066 1600 1092 there
1619 1073 1671 1091 are
1695 1073 1727 1091 as

145 1103 245 1139 sunt
278 1095 493 1149 animalia,
528 1102 635 1152 quot
667 1102 766 1138 sunt
798 1096 939 1139 anime
962 1096 1187 1150 sensitive3
1221 1101 1264 1137 et
1295 1094 1472 1136 videtur
1520 1101 1725 1168 mffffiglsivssssg

145 1166 264 1222 mihi,
298 1166 415 1223 quod
449 1167 522 1208 sic.
556 1166 705 1208 Primo
728 1181 808 1223 per
830 1166 924 1221 hoc,
960 1166 1077 1223 quod
1102 1164 1297 1223 quelibet
1328 1165 1471 1206 anima
1486 1172 1633 1197 sensitive
1667 1171 1761 1196 Βοιὼ·

144 1236 351 1279 sensitiva
383 1243 448 1278 est
479 1234 735 1285 animalitas,
769 1236 846 1278 sed
894 1241 999 1292 quot
1031 1242 1130 1278 sunt
1161 1233 1464 1287 animalitates,

87 1318 129 1349 15
144 1312 210 1349 tot
241 1312 341 1348 sunt
372 1305 587 1360 animalia,
622 1321 726 1362 ergo
759 1312 825 1348 tot
846 1307 987 1348 anime
1011 1306 1229 1348 sensitive.
1264 1304 1471 1347 Similiter

146 1392 274 1419 omne
298 1377 587 1433 compositum
612 1391 668 1418 ex
690 1391 876 1432 corpore
900 1377 1240 1434 proporcionato
1264 1381 1307 1417 et
1329 1374 1471 1416 anima

146 1448 353 1489 sensitiva
397 1453 463 1488 est
506 1446 756 1488 substancia
809 1448 999 1489 animata
1058 1445 1292 1499 sensibilis3
1344 1459 1469 1486 omne

144 1516 231 1559 tale
265 1516 496 1559 diffinitive
528 1522 594 1558 est
625 1516 800 1571 animal,
834 1531 937 1571 ergo
972 1517 1027 1558 ad
1051 1514 1469 1572 multiplicacionem

146 1588 389 1629 animarum
437 1586 747 1629 sensitivarum
793 1587 990 1643 sequitur
1037 1585 1349 1642 multiplicacio
1384 1585 1470 1627 ani-

86 1656 282 1699 2omalis.
349 1655 561 1699 Similiter
605 1671 733 1699 omne
780 1657 1071 1713 compositum
1120 1671 1175 1698 ex
1207 1669 1394 1713 corpore
1428 1661 1471 1697 et

144 1728 288 1769 anima
309 1727 515 1770 sensitiva
538 1733 602 1769 est
625 1726 791 1784 aliquid
820 1727 1061 1769 formaliter
1076 1742 1154 1783 per
1177 1726 1374 1780 eandem,
1392 1726 1469 1768 sed

143 1812 230 1840 non
262 1803 399 1839 restat
431 1797 536 1853 quid
570 1804 697 1851 esset,
748 1798 784 1839 si
814 1812 901 1839 non
934 1797 1105 1849 animal,
1140 1812 1237 1838 cum
1271 1796 1325 1838 sit
1356 1795 1470 1838 ultra

145 1882 272 1909 omne
305 1866 446 1910 solum
470 1866 719 1922 vegetabile
740 1866 811 1910 vel
835 1882 994 1923 corpus
1017 1868 1316 1910 inanimatum.
1349 1868 1469 1924 Ergo

145 1951 241 1978 cum
275 1952 402 1979 omne
433 1935 519 1979 tale
543 1951 700 1993 corpus
734 1938 789 1979 sit
810 1937 982 1993 animal,
1008 1939 1206 1994 sequitur
1238 1939 1469 1981 conclusiO.

85 2018 128 2049 25
203 2006 330 2049 Unde
363 2007 551 2059 videtur,
586 2007 704 2063 quod
736 2007 893 2049 ficticie
927 2008 1173 2050 dicencium
1206 2009 1471 2050 contrarium
1514 2021 1586 2046 Itis
1608 2021 1684 2047 saise
1704 2024 1734 2047 to

142 2091 227 2119 non
261 2077 520 2132 procedunt,
555 2083 602 2118 ut
634 2076 695 2118 hii
743 2078 905 2131 dicunt,
953 2078 1070 2134 quod
1106 2084 1279 2135 oportet
1311 2094 1471 2136 corpus
1486 2057 1761 2124 aggessztiliaiviihnly

1486 2133 1504 2151 a
1522 2126 1576 2152 life
1591 2127 1623 2152 of
1640 2127 1678 2151 its
1694 2134 1762 2152 own

144 2161 240 2188 esse
279 2146 574 2189 substanciam
625 2163 704 2203 pei·
749 2163 794 2190 se
837 2149 1069 2190 animatam
1123 2148 1371 2191 sensibilem
1417 2149 1473 2190 ad
1540 2162 1715 2222 affigam

1605 2205 1612 2222 l
1678 2216 1685 2223 .

142 2215 240 2272 hoc,
265 2216 383 2273 quod
408 2218 462 2259 sit
485 2217 669 2272 animal3
703 2218 821 2275 quod
843 2233 929 2261 non
953 2225 1019 2261 est
1039 2234 1189 2261 verum
1224 2219 1280 2260 ad
1301 2225 1473 2275 partem

144 2285 355 2339 animalis,
389 2287 492 2328 dum
525 2288 720 2330 inexistit
750 2289 842 2330 toti.
889 2288 1003 2329 Illud
1036 2303 1122 2330 non
1153 2289 1330 2331 videtur
1362 2288 1469 2330 mihi

189 2381 221 2411 4.
260 2383 313 2412 est
348 2391 410 2412 om.
445 2380 482 2412 C.
580 2382 610 2413 5.
650 2381 708 2413 vel
739 2380 951 2413 indivisibili
984 2392 1046 2413 om.
1075 2382 1115 2422 A,
1154 2385 1190 2414 et
1222 2393 1291 2423 pro
1324 2382 1381 2414 vel
1412 2383 1470 2423 Pr·

144 2439 174 2470 7.
201 2438 375 2480 corporali
402 2439 427 2470 Β
444 2438 482 2470 C.
511 2439 717 2481 dependens
744 2451 807 2472 om.
833 2439 874 2471 A.
950 2441 978 2472 7.
1003 2441 1033 2472 8.
1062 2450 1082 2472 a
1108 2440 1280 2483 principio
1302 2441 1328 2473 C
1344 2441 1400 2473 Pr.
1421 2444 1473 2473 est

143 2496 419 2539 incorruptibilis
435 2497 573 2530 addidi.
633 2501 663 2531 9.
690 2502 724 2530 et
743 2510 813 2540 pro
839 2509 908 2540 que
935 2502 987 2531 est
1007 2499 1035 2530 B
1055 2499 1093 2531 O.
1145 2501 1198 2531 10.
1226 2499 1471 2531 condicionem

145 2555 413 2597 corrupcionem
435 2557 511 2597 (sic)
530 2556 570 2596 B,
590 2557 856 2599 corrupcionem
884 2556 922 2589 C.
973 2558 1026 2589 13.
1058 2558 1112 2590 15.
1133 2567 1215 2599 ergo
1240 2568 1303 2591 om.
1322 2558 1361 2599 P,
1388 2562 1472 2600 quot

145 2616 179 2645 et
202 2624 272 2654 pro
309 2617 359 2645 tot
395 2613 426 2645 A
465 2614 609 2647 CPPr.
696 2626 799 2647 omne
829 2626 892 2647 om.
922 2615 962 2647 P.
1072 2617 1126 2647 17.
1166 2615 1372 2648 substancia
1410 2621 1471 2649 aut

147 2690 187 2694 —
230 2672 351 2703 anima
389 2673 562 2705 sensitiva
599 2684 660 2705 om.
700 2673 728 2704 P
766 2676 828 2705 aut
852 2667 1015 2705 *materia
1046 2684 1108 2715 pro
1149 2675 1306 2706 animata
1342 2675 1468 2707 BCP.

148 2730 200 2762 18.
226 2730 490 2763 multitudinem
518 2731 556 2763 C.
655 2733 706 2764 19.
733 2732 905 2764 sensitiva
929 2731 967 2764 A.
1068 2733 1122 2764 21.
1157 2732 1255 2764 aliud
1281 2733 1321 2773 A,
1348 2732 1470 2775 aliqua

145 2786 174 2818 B
191 2786 331 2820 CPPr.
427 2790 482 2821 24.
509 2789 636 2822 dicitur
660 2790 718 2830 Pr,
745 2789 1027 2822 concludendum
1056 2789 1093 2822 C.
1181 2792 1234 2823 27.
1262 2791 1467 2823 sensibilem

148 2856 212 2877 om.
237 2844 309 2877 AB
325 2846 365 2887 P,
393 2847 563 2880 sensibile
587 2848 645 2881 Pr.
743 2850 798 2881 28.
826 2849 892 2880 erit
911 2860 980 2890 pro
1007 2849 1051 2881 sit
1077 2848 1103 2881 C
1131 2849 1188 2881 Pr.
