2035 3359
177 189 258 225 104
881 198 1117 232 JOHANNIS
1145 198 1332 231 wicfflF.
1621 187 1727 246 [οΑυ.
1747 201 1795 226 vr

466 308 584 350 nullo
619 307 750 349 modo
784 307 827 348 in
862 305 1057 348 deterius
1092 305 1173 348 sibi
1214 307 1452 361 coaptavit,
1485 313 1689 349 naturam
1724 307 1800 351 hu-

469 378 690 421 manitatis
723 377 777 420 ab
828 392 878 419 eo
926 377 1158 432 dignanter
1206 392 1448 432 assumens,
1483 378 1727 420 divinitatis
1761 379 1801 420 ei

466 449 719 504 largitatem
753 448 963 490 tribuens.
1013 447 1128 490 Illud
1162 448 1310 504 itaque
1344 449 1387 490 in
1420 448 1573 503 verbo,
1609 449 1727 505 quod
1760 450 1802 491 in

467 534 652 576 sompno
702 517 886 562 solvitur
935 524 977 560 et
1023 518 1067 560 in
1103 517 1200 560 cibo
1249 517 1379 560 alitur
1424 524 1466 560 et
1499 521 1638 562 omnis
1671 521 1804 563 sentit

466 592 682 634 humanos
699 590 894 641 affectus,
912 587 1134 631 hominem
1151 589 1390 646 persuadet
1405 590 1620 645 omnibus,
1652 600 1655 647 y
1686 591 1804 648 quod
1820 565 1938 644 fol.A56

465 655 552 705 non
577 661 847 718 consumpsit
869 660 946 703 sed
971 660 1240 717 assumpsit.⁷
1264 660 1323 702 Et
1345 662 1562 718 sequitur:
1599 661 1805 715 ‘Quidam

468 734 551 777 sibi
584 733 712 775 reddi
736 732 960 774 racionem
982 731 1212 787 flagitavit,
1248 731 1472 788 quomodo
1498 732 1607 774 deus
1639 732 1805 774 homini

467 805 715 862 permixtus
749 804 816 856 sit,
850 809 897 844 ut
928 818 1015 844 una
1049 817 1238 859 persona
1259 802 1385 844 fieret
1409 801 1553 859 Cristi7
1588 818 1689 845 cum
1720 802 1806 846 hoc

468 874 605 918 semel
636 874 732 917 fieri
766 874 1023 930 oportuerit.
1072 873 1159 916 Sed
1195 888 1326 930 quam
1359 874 1583 916 racionem
1615 874 1808 916 reddunt

468 947 553 1004 ipsi
598 946 652 988 de
695 960 757 1001 re,
815 960 899 1001 que
952 944 1133 987 cottidie
1179 944 1240 997 fit,
1295 944 1519 1001 quomodo
1571 946 1808 987 misceatur
1825 955 1866 987 10

472 1017 618 1059 anima
651 1016 843 1074 corpori,
877 1021 926 1058 ut
958 1030 1044 1058 una
1079 1030 1270 1072 persona
1301 1015 1379 1058 fiat
1410 1015 1632 1058 hominis?
1695 1015 1808 1058 Nam

472 1089 586 1131 sicut
629 1088 672 1129 in
716 1086 883 1128 unitate
931 1101 1121 1144 persone
1168 1086 1312 1128 anima
1358 1086 1509 1128 unitur
1542 1087 1729 1144 corpori,
1762 1092 1810 1129 ut

471 1159 602 1202 homo
640 1158 707 1214 sit,
741 1159 801 1200 ita
833 1158 875 1199 in
899 1158 1065 1199 unitate
1088 1172 1281 1214 persone
1307 1157 1415 1200 deus
1448 1158 1596 1200 unitur
1629 1157 1808 1213 homini,

469 1235 516 1272 ut
562 1228 731 1271 Cristus
778 1229 844 1270 sit.
914 1228 1034 1284 Ergo
1079 1228 1123 1269 in
1170 1227 1244 1269 illa
1288 1243 1479 1285 persona
1519 1234 1586 1271 est
1617 1229 1811 1270 mixtura

470 1301 612 1343 anime
645 1305 688 1342 et
727 1299 936 1356 corporis,
984 1299 1029 1341 in
1060 1298 1144 1340 hae
1182 1314 1371 1355 persona
1414 1300 1605 1342 mixtura
1639 1305 1705 1341 est
1739 1299 1810 1342 dei
1827 1308 1868 1340 15

472 1376 514 1415 et
554 1370 764 1413 hominis:
823 1369 870 1412 Si
914 1376 1065 1411 tamen
1108 1370 1289 1412 recedat
1332 1369 1505 1412 auditor
1547 1386 1572 1412 a
1626 1385 1809 1413 consue—

468 1443 620 1485 tudine
664 1456 913 1498 corporum,
949 1441 1171 1498 quomodo
1205 1440 1347 1483 solent
1387 1441 1472 1483 duo
1507 1440 1705 1498 liquores
1739 1441 1802 1483 ita

471 1514 660 1568 misceri,
694 1519 742 1555 ut
782 1518 987 1554 neutrum
1021 1512 1315 1568 integritatem
1361 1527 1483 1554 suam
1527 1511 1700 1554 servet)
1755 1511 1812 1554 Et

477 1585 664 1628 eandem
704 1584 973 1626 sentenciam
1008 1582 1113 1624 dicit
1144 1582 1416 1637 Augustinus
1449 1583 1492 1623 in
1533 1581 1721 1638 dyalogo
1755 1582 1810 1623 ad

473 1655 761 1705 Felicianum,
803 1660 847 1696 et
881 1654 1004 1711 quasi
1037 1653 1287 1710 utrobique,
1322 1653 1398 1695 ubi
1432 1653 1598 1695 swadet
1629 1652 1809 1695 infideli·
1826 1661 1870 1692 20

474 1726 557 1770 bus
589 1724 909 1768 incarnacionis
946 1725 1204 1767 misterium.

203 1820 259 1845 111.
281 1819 436 1860 Digfgrem
532 1797 688 1840 Tercio
712 1795 970 1848 notandum,
992 1795 1110 1852 quod
1133 1795 1277 1836 anima
1310 1800 1353 1836 et
1386 1794 1565 1850 spiritus
1601 1794 1808 1836 dicuntur

217 1854 428 1915 m“³2²‹¹›³1i¹1¹⁷‘'⁷inOf
477 1869 703 1926 equivoce.
728 1867 890 1910 Anima
912 1867 1040 1920 enim,
1065 1866 1332 1922 quandoque
1357 1865 1572 1921 significat
1589 1864 1810 1907 abstracte

242 1926 408 1957 ⁵⁰riptur⁹³
475 1939 611 1982 vitam
644 1939 898 1994 increatam,
932 1942 980 1978 ut
1021 1937 1178 1979 dicitur
1210 1936 1328 1978 Ysae
1361 1936 1503 1993 primo
1539 1935 1811 1992 ‘Sollempni-

567 2046 620 2079 111
642 2048 694 2078 11.
721 2043 779 2077 Sic
806 2049 920 2077 autem
946 2043 1089 2085 quidam
1115 2043 1218 2076 reddi
1242 2042 1308 2075 sibi
1334 2044 1501 2075 racionem
1522 2042 1690 2085 flayz'tant
1719 2041 1809 2087 Aug.

567 2123 610 2128 ——
639 2123 681 2129 -—-
709 2104 923 2146 oportuerit;
952 2103 1056 2144 quasi
1087 2104 1259 2135 rationem
1289 2104 1361 2144 ipsi
1394 2101 1546 2134 reddant
1577 2100 1666 2144 Augy.
1696 2121 1736 2125 —-

571 2165 614 2198 In
648 2164 713 2196 illa
746 2173 824 2206 erqo
846 2172 1004 2205 persona
1035 2163 1192 2194 mimizra
1225 2167 1273 2194 est
1299 2161 1385 2204 Any.
1434 2180 1480 2184 —
1530 2172 1716 2202 corporum
1742 2172 1812 2203 qua

570 2225 682 2257 solent
708 2221 796 2265 Auy.
849 2240 884 2244 -—
939 2222 990 2253 ita
1018 2221 1229 2252 commiscere·
1254 2225 1291 2253 ut
1308 2224 1431 2252 neuter
1450 2225 1559 2252 servet
1584 2221 1814 2262 intem-itatem

571 2294 683 2316 suam.
709 2280 799 2323 Any.
838 2299 873 2303 —
912 2280 966 2312 20.
986 2278 1076 2319 Aug.
1098 2282 1221 2310 contra
1239 2278 1314 2310 Fel.
1336 2289 1410 2320 cap.
1434 2280 1453 2310 6
1472 2283 1502 2310 ec
1524 2280 1563 2309 12
1585 2276 1806 2322 (utrobique)

570 2342 708 2385 (Missua
735 2338 858 2372 XLII
877 2340 966 2378 1161,
993 2339 1105 2379 1167.)
1138 2336 1191 2378 Cf.
1220 2337 1326 2370 leuius
1345 2341 1515 2370 tractatus
1529 2348 1612 2379 paq.
1632 2338 1666 2376 4,
1694 2337 1813 2370 &2143

569 2402 625 2434 24.
654 2399 700 2432 Is.
728 2401 760 2438 1,
787 2399 846 2430 14.

525 2509 555 2540 1.
583 2509 710 2538 natura
736 2506 763 2537 P
779 2504 835 2537 Pr.
933 2505 964 2535 2.
993 2502 1216 2535 divinitatem
1242 2501 1281 2535 P.
1381 2503 1411 2535 3.
1440 2505 1474 2535 et
1494 2513 1564 2545 pro
1590 2501 1686 2545 quod
1711 2502 1739 2534 B
1755 2502 1810 2548 Pr·

476 2568 509 2598 4.
536 2565 643 2598 alitur
669 2576 731 2597 om.
758 2564 800 2606 B,
826 2562 927 2595 aliter
953 2563 980 2594 P
997 2563 1052 2594 Pr.
1197 2565 1227 2595 5.
1247 2563 1354 2595 homo
1382 2562 1471 2594 libri.
1610 2564 1640 2594 6.
1661 2561 1805 2603 quidam

477 2635 539 2656 om.
579 2623 618 2655 A.
726 2624 756 2655 7.
795 2622 973 2663 flagittant
1013 2620 1054 2652 A.
1153 2623 1184 2653 8.
1224 2632 1303 2653 cum
1342 2632 1404 2653 om.
1444 2621 1483 2653 P.
1587 2622 1618 2653 9.
1654 2621 1808 2662 oportuit

478 2683 504 2713 Β
523 2683 548 2713 P
564 2683 621 2714 Pr.
712 2683 767 2713 10.
796 2680 969 2722 quottidie
996 2679 1037 2711 A.
1129 2681 1184 2712 13.
1212 2683 1284 2711 tam
1307 2691 1376 2721 pro
1402 2680 1453 2711 ita
1481 2680 1506 2710 Β
1522 2679 1580 2712 Pr.
1682 2681 1738 2711 14.
1766 2680 1810 2711 sit

479 2752 541 2772 om.
561 2740 601 2772 A.
725 2738 825 2771 nulla
852 2750 922 2780 pro
949 2739 984 2769 in
1010 2738 1073 2770 illa
1098 2737 1138 2770 A.
1266 2741 1314 2772 17.
1343 2738 1497 2780 corporis
1523 2737 1564 2769 A.
1690 2738 1743 2769 19.
1775 2740 1809 2769 ut

481 2798 566 2830 dicit
592 2799 630 2830 P.
776 2798 830 2829 20.
869 2799 923 2829 21.
962 2796 1127 2829 fidelibus
1154 2796 1182 2828 B
1199 2796 1340 2829 CPPr.
1484 2798 1539 2831 22.
1566 2795 1730 2829 differant
1758 2796 1785 2827 P

481 2859 535 2889 24.
564 2856 693 2887 divitur
719 2868 780 2888 om.
809 2856 836 2887 B
854 2856 879 2887 C
895 2856 922 2887 P
938 2856 994 2888 Pr.
