2035 3359
244 237 299 274 20
960 242 1202 275 JOHANNJS
1230 241 1418 273 WICLIF.
1711 227 1814 285 [off.
1837 239 1877 265 11.

306 359 462 401 Soluti031=
599 351 684 393 Hic
718 351 890 404 dicitur,
924 351 1041 408 quod
1078 356 1252 407 oportet
1285 350 1426 407 primo
1454 356 1611 393 notare
1644 350 1879 406 equivoca-

241 398 265 422 I.
295 396 361 421 The
387 396 525 428 objector

259 432 511 492 ffleffibissasseffiea
539 423 707 464 cionem
731 421 919 464 hominis
943 422 1257 479 supradictam.
1294 421 1498 464 Secundo
1523 428 1698 479 oportet
1729 427 1882 464 notare

433 486 435 489 ’
496 486 505 501 7

276 509 402 563 Ifezvig-
417 504 497 562 ἐξίῃ
538 493 892 537 distinccionem:
910 508 1085 535 sensum
1101 492 1420 550 predicacionis
1436 491 1632 535 formalis
1648 498 1692 535 et
1706 507 1880 534 sensum

253 572 512 634 ‘ltivfflgfiufissmg‘f'
535 564 859 622 predicacionis
884 564 1125 607 secundum
1151 564 1409 606 essenciam.
1444 563 1602 606 Tercio
1626 563 1880 618 notandum,

263 644 489 710 afflefflfffigjl
537 635 654 693 quod
677 650 763 677 non
788 634 927 690 obest,
962 635 1041 677 sed
1075 635 1278 690 congruit
1298 635 1414 676 idem
1441 635 1612 691 signum
1645 633 1717 677 vel
1749 635 1916 677 istum5

261 714 508 741 HLThesame
535 707 769 749 terminum
815 706 1064 762 significare
1110 706 1295 748 eandem
1353 721 1589 763 personam
1637 706 1880 748 secundum

297 750 381 775 word
402 757 473 783 may

242 784 357 818 signify
371 785 422 811 the
436 793 519 827 §atne
535 777 736 835 dispares
769 778 983 820 raciones.
1034 776 1169 819 Cuius
1202 776 1366 833 triplex
1400 776 1654 834 exemplum
1687 777 1879 834 ponitur.

266 828 501 917 di}{{}ss}²r¹ga,
593 849 790 890 Primum
824 848 1016 905 loyicum
1053 848 1108 890 de
1140 854 1262 890 recto
1298 854 1342 889 et
1374 847 1569 905 obliquo,
1617 862 1704 904 que
1749 847 1879 903 signi-

299 899 466 995 32:351OE
534 919 666 961 ficant
700 920 887 961 eandem
920 934 1013 961 rem
1049 925 1092 961 et
1124 925 1271 961 tamen
1307 919 1522 975 equivoce
1568 924 1752 975 propter
1797 919 1879 960 dis-

277 983 483 1059 Jgssssfflt‘fflss
534 1006 689 1046 parem
724 990 1030 1032 habitudinem
1080 990 1201 1031 modi
1247 989 1526 1045 significandi
1568 1004 1762 1043 casuum,
1810 989 1879 1030 cui
1896 998 1938 1029 10

277 1053 484 1130 andeggzlssqu}
535 1062 853 1119 correspondet
910 1062 1061 1118 dispar
1104 1061 1320 1103 habitudo
1366 1060 1518 1103 realis:
1564 1066 1612 1102 ut
1655 1060 1787 1102 homo
1836 1060 1879 1101 in

376 1124 383 1130 i
534 1139 655 1175 recto
703 1132 921 1188 significat
965 1132 1284 1174 humanitatem
1331 1132 1411 1174 sub
1457 1130 1733 1185 habitudine,
1793 1146 1880 1186 qua

532 1203 670 1245 forme
699 1203 928 1258 subicitur,
952 1210 1001 1245 ut
1023 1203 1219 1246 essencie
1253 1202 1536 1245 substanciali
1568 1202 1639 1245 vel
1674 1203 1876 1244 acciden-

532 1273 607 1315 tali
639 1276 680 1316 in
716 1274 915 1317 diversas
947 1274 1185 1317 verborum
1223 1275 1455 1327 maneries,
1490 1290 1575 1331 que
1615 1274 1669 1316 de
1702 1273 1879 1316 homine

532 1345 831 1401 predicantur.
886 1345 975 1388 Sed
1040 1345 1208 1402 obliqui
1270 1345 1400 1387 huius
1462 1346 1573 1387 recti
1632 1344 1878 1401 significant
1894 1352 1936 1383 15

533 1416 720 1458 eandem
767 1416 1087 1459 humanitatem
1136 1416 1216 1459 sub
1265 1417 1457 1471 racione,
1508 1431 1595 1473 qua
1625 1416 1766 1458 forme
1799 1415 1875 1458 ali-

533 1489 654 1529 cuius
687 1488 807 1529 modi
840 1487 921 1529 sibi
955 1488 1103 1530 insunt
1138 1494 1180 1530 et
1213 1488 1276 1530 sic
1310 1489 1523 1545 equivoce
1563 1494 1746 1544 propter
1793 1487 1874 1529 dis-

532 1574 685 1615 parem
721 1559 902 1600 modum
943 1559 1232 1615 significandi.
1295 1558 1439 1601 Aliter
1471 1560 1583 1601 enim
1629 1573 1716 1600 non
1761 1565 1877 1600 esset

532 1629 617 1671 hec
648 1629 824 1672 fallacia
858 1631 1238 1687 equivocacionis:
1275 1629 1419 1672 Omne
1453 1636 1646 1672 creatum
1681 1629 1877 1671 intuetur

533 1701 735 1755 verbum,
771 1702 910 1743 omnis
943 1701 1054 1758 lapis
1089 1708 1155 1744 est
1188 1708 1399 1756 creatum,
1435 1716 1539 1756 ergo
1577 1701 1717 1743 omnis
1761 1699 1874 1757 lapis
1890 1708 1934 1739 20

531 1772 726 1813 intuetur
757 1771 970 1826 verbum,
1012 1788 1113 1814 nam
1148 1773 1290 1815 maior
1323 1778 1390 1814 est
1421 1772 1672 1814 necessaria
1716 1770 1872 1812 intelli-

531 1843 674 1897 gendo
694 1842 880 1885 verbum
904 1844 945 1883 in
970 1850 1105 1885 recto.
1130 1843 1217 1885 Sed
1244 1842 1465 1886 conclusio
1483 1849 1549 1884 est
1566 1841 1872 1899 impossibilis;

531 1913 631 1954 ideo
672 1919 739 1954 est
770 1912 880 1955 falsa
913 1915 1196 1970 equivocacio
1231 1914 1471 1956 secundum
1507 1912 1788 1955 Aristotelem
1831 1913 1873 1954 in

533 1982 724 2027 Elencis.

238 2057 514 2092 1¹·sf0mNatu“³;
591 2054 843 2097 Secundum
896 2055 1146 2112 exemplum
1203 2055 1403 2098 naturale
1458 2061 1525 2097 est
1585 2055 1639 2097 de
1697 2055 1872 2096 nomine
1887 2063 1930 2093 25

236 2093 301 2117 The
340 2093 517 2120 distinction

233 2128 517 2194 Εῇζξθζὲᾎαΐθζῖζ
532 2125 782 2168 substancie
825 2127 966 2183 prime
998 2142 1081 2183 per
1120 2141 1165 2168 se
1197 2127 1239 2168 in
1273 2141 1449 2182 genere,
1497 2125 1690 2182 exempli
1723 2125 1872 2180 gracia

239 2199 381 2225 different
414 2200 514 2226 kinds.

299 2242 325 2260 e.
348 2243 376 2265 g.
397 2235 449 2260 fire

685 2283 740 2314 23.
768 2280 978 2312 Aristotcles
1006 2279 1049 2312 de
1078 2279 1290 2322 sophisticis
1319 2280 1479 2312 elenchis
1506 2290 1582 2322 cap.
1608 2279 1668 2312 IV.
1698 2278 1773 2319 (De
1790 2278 1869 2320 fal-

625 2340 726 2372 lamiis
759 2340 951 2372 seenwlmn
984 2339 1180 2377 dictionem)
1224 2342 1243 2381 ξ
1271 2343 1290 2373 9
1331 2341 1400 2381 (ed.
1427 2342 1547 2374 Paris.
1575 2339 1600 2371 Ῑ
1618 2340 1706 2378 278,
1733 2340 1778 2370 25
1805 2341 1871 2380 sq.)

623 2395 646 2441 ἢ
673 2397 714 2431 τὸ
740 2401 873 2432 ποιοῦν
897 2398 1038 2443 πάσχον
1062 2395 1084 2441 ἢ
1111 2395 1152 2430 τὸ
1179 2398 1409 2442 διακείμενον
1433 2400 1562 2432 ποιεῖν.

589 2555 620 2584 3.
640 2553 928 2595 predicacionem
949 2553 1031 2594 (pro
1056 2552 1343 2596 distinccionem)
1363 2553 1393 2585 A
1408 2554 1447 2586 P.
1547 2557 1582 2586 ct
1607 2563 1777 2586 sensuum
1797 2553 1825 2585 B
1841 2552 1868 2584 C

529 2612 557 2643 P
573 2612 629 2643 Pr.
728 2613 761 2644 4.
779 2611 1070 2654 predicacionem
1089 2612 1146 2653 Pr,
1166 2622 1337 2644 sensuum
1356 2623 1418 2644 om.
1437 2613 1466 2644 B
1483 2612 1509 2644 C
1524 2613 1552 2644 P
1567 2613 1625 2646 Pr.
1723 2614 1755 2644 5.
1774 2612 1868 2643 idem

526 2671 555 2701 Β
572 2671 599 2701 P
616 2671 671 2702 Pr.
838 2671 947 2702 istum
988 2672 1036 2703 522.
1074 2683 1116 2702 m.
1155 2682 1182 2702 .ς·.
1217 2670 1255 2712 C,
1294 2671 1400 2703 homo
1434 2677 1517 2713 post
1554 2673 1743 2704 terminum
1783 2671 1867 2703 add.

528 2729 555 2759 P
571 2730 629 2760 Pr.
707 2731 757 2761 10.
786 2729 883 2761 modi
910 2741 971 2761 om.
1000 2730 1027 2761 P
1043 2730 1100 2761 Pr.
1177 2731 1230 2762 13.
1258 2730 1470 2762 accidentali
1499 2734 1534 2762 et
1558 2730 1589 2762 A
1621 2729 1866 2762 substanciali.

530 2789 582 2820 14.
610 2788 808 2820 secundum
841 2787 931 2819 duas
958 2789 1135 2820 maneries
1163 2788 1246 2827 130,
1280 2789 1475 2821 seeundum
1503 2788 1663 2821 diversas
1689 2789 1867 2821 maneries

526 2847 756 2878 terminorum
794 2847 894 2879 PPr.
1075 2849 1130 2879 26.
1169 2847 1313 2879 fallacia
1357 2848 1648 2889 equivocacionis
1685 2847 1865 2880 BCPPr.

526 2906 580 2935 ⁶243.
609 2906 719 2946 prime
747 2918 808 2937 om,
837 2906 1006 2937 BCPPr.
