<?xml version="1.0" encoding="UTF-8"?>
<!DOCTYPE html PUBLIC "-//W3C//DTD XHTML 1.0 Transitional//EN"
    "http://www.w3.org/TR/xhtml1/DTD/xhtml1-transitional.dtd">
<html xmlns="http://www.w3.org/1999/xhtml" xml:lang="en" lang="en">
 <head>
  <title>
</title>
<meta http-equiv="Content-Type" content="text/html;charset=utf-8" />
  <meta name='ocr-system' content='tesseract 3.04.00' />
  <meta name='ocr-capabilities' content='ocr_page ocr_carea ocr_par ocr_line ocrx_word'/>
</head>
<body>
  <div class='ocr_page' id='page_1' title='image "./decompositioneho00wycl_0128.png"; bbox 0 0 2035 3359; ppageno 0'>
   <div class='ocr_carea' id='block_1_1' title="bbox 150 193 1777 251">
    <p class='ocr_par' dir='ltr' id='par_1_1' title="bbox 150 193 1777 251">
     <span class='ocr_line' id='line_1_1' title="bbox 150 193 1777 251; baseline -0.008 -8"><span class='ocrx_word' id='word_1_1' title='bbox 150 202 228 243; x_wconf 79' lang='lat'>102</span> <span class='ocrx_word' id='word_1_2' title='bbox 881 205 1118 238; x_wconf 78' lang='lat' dir='ltr'>JOHANNIS</span> <span class='ocrx_word' id='word_1_3' title='bbox 1150 205 1324 237; x_wconf 75' lang='lat' dir='ltr'>wicLIF</span> <span class='ocrx_word' id='word_1_4' title='bbox 1598 193 1699 251; x_wconf 73' lang='lat' dir='ltr'>[OAP.</span> <span class='ocrx_word' id='word_1_5' title='bbox 1729 207 1777 231; x_wconf 74' lang='grc' dir='ltr'>ιν,</span> 
     </span>
    </p>
   </div>
   <div class='ocr_carea' id='block_1_2' title="bbox 166 311 1855 1785">
    <p class='ocr_par' dir='ltr' id='par_1_2' title="bbox 166 311 1855 1785">
     <span class='ocr_line' id='line_1_2' title="bbox 442 311 1781 368; baseline -0.001 -11"><span class='ocrx_word' id='word_1_6' title='bbox 442 321 662 357; x_wconf 87' lang='lat' dir='ltr'>mentator</span> <span class='ocrx_word' id='word_1_7' title='bbox 696 317 741 353; x_wconf 77' lang='lat'>8⁰</span> <span class='ocrx_word' id='word_1_8' title='bbox 765 311 1087 368; x_wconf 87' lang='lat' dir='ltr'>methaphisice</span> <span class='ocrx_word' id='word_1_9' title='bbox 1117 311 1269 352; x_wconf 89' lang='lat' dir='ltr'>ultimo</span> <span class='ocrx_word' id='word_1_10' title='bbox 1307 311 1361 353; x_wconf 86' lang='lat' dir='ltr'>de</span> <span class='ocrx_word' id='word_1_11' title='bbox 1396 311 1588 355; x_wconf 87' lang='lat' dir='ltr'>humana</span> <span class='ocrx_word' id='word_1_12' title='bbox 1623 314 1781 368; x_wconf 82' lang='lat' dir='ltr'>anima,</span> 
     </span>
     <span class='ocr_line' id='line_1_3' title="bbox 443 381 1784 441; baseline -0.001 -14"><span class='ocrx_word' id='word_1_13' title='bbox 443 386 496 427; x_wconf 88' lang='lat' dir='ltr'>de</span> <span class='ocrx_word' id='word_1_14' title='bbox 544 399 631 441; x_wconf 89' lang='lat' dir='ltr'>qua</span> <span class='ocrx_word' id='word_1_15' title='bbox 676 384 819 425; x_wconf 88' lang='lat' dir='ltr'>minus</span> <span class='ocrx_word' id='word_1_16' title='bbox 864 381 1099 425; x_wconf 82' lang='lat' dir='ltr'>visibiliter</span> <span class='ocrx_word' id='word_1_17' title='bbox 1146 388 1326 439; x_wconf 86' lang='lat' dir='ltr'>caperet</span> <span class='ocrx_word' id='word_1_18' title='bbox 1357 382 1602 424; x_wconf 84' lang='lat' dir='ltr'>veritatem.</span> <span class='ocrx_word' id='word_1_19' title='bbox 1667 383 1784 437; x_wconf 75' lang='lat' dir='ltr'>Quia</span> 
     </span>
     <span class='ocr_line' id='line_1_4' title="bbox 442 451 1784 511; baseline 0 -14"><span class='ocrx_word' id='word_1_20' title='bbox 442 456 575 511; x_wconf 86' lang='lat' dir='ltr'>igitur</span> <span class='ocrx_word' id='word_1_21' title='bbox 608 454 856 496; x_wconf 79' lang='lat' dir='ltr'>subiectum</span> <span class='ocrx_word' id='word_1_22' title='bbox 902 452 1132 495; x_wconf 88' lang='lat' dir='ltr'>materiale</span> <span class='ocrx_word' id='word_1_23' title='bbox 1172 451 1308 494; x_wconf 89' lang='lat' dir='ltr'>habet</span> <span class='ocrx_word' id='word_1_24' title='bbox 1346 453 1613 509; x_wconf 71' lang='lat' dir='ltr'>potenciam,</span> <span class='ocrx_word' id='word_1_25' title='bbox 1649 462 1697 497; x_wconf 88' lang='lat' dir='ltr'>ut</span> <span class='ocrx_word' id='word_1_26' title='bbox 1729 456 1784 497; x_wconf 90' lang='lat' dir='ltr'>sit</span> 
     </span>
     <span class='ocr_line' id='line_1_5' title="bbox 443 522 1786 582; baseline 0 -14"><span class='ocrx_word' id='word_1_27' title='bbox 443 524 750 582; x_wconf 80' lang='lat' dir='ltr'>disposicionis</span> <span class='ocrx_word' id='word_1_28' title='bbox 783 523 1035 566; x_wconf 85' lang='lat' dir='ltr'>huiusmodi</span> <span class='ocrx_word' id='word_1_29' title='bbox 1056 549 1114 554; x_wconf 91' lang='lat'>—</span> <span class='ocrx_word' id='word_1_30' title='bbox 1137 529 1179 566; x_wconf 89' lang='lat' dir='ltr'>et</span> <span class='ocrx_word' id='word_1_31' title='bbox 1210 523 1310 565; x_wconf 89' lang='lat' dir='ltr'>ideo</span> <span class='ocrx_word' id='word_1_32' title='bbox 1343 522 1487 566; x_wconf 82' lang='lat' dir='ltr'>forma</span> <span class='ocrx_word' id='word_1_33' title='bbox 1517 523 1592 566; x_wconf 89' lang='lat' dir='ltr'>illa</span> <span class='ocrx_word' id='word_1_34' title='bbox 1625 525 1786 568; x_wconf 88' lang='lat' dir='ltr'>dicitur</span> 
     </span>
     <span class='ocr_line' id='line_1_6' title="bbox 445 594 1820 652; baseline 0.001 -14"><span class='ocrx_word' id='word_1_35' title='bbox 445 611 542 638; x_wconf 86' lang='lat' dir='ltr'>esse</span> <span class='ocrx_word' id='word_1_36' title='bbox 575 596 619 637; x_wconf 91' lang='lat' dir='ltr'>in</span> <span class='ocrx_word' id='word_1_37' title='bbox 642 595 847 652; x_wconf 85' lang='lat' dir='ltr'>potencia</span> <span class='ocrx_word' id='word_1_38' title='bbox 869 595 1053 636; x_wconf 85' lang='lat' dir='ltr'>materie</span> <span class='ocrx_word' id='word_1_39' title='bbox 1077 619 1132 624; x_wconf 87' lang='lat'>—</span> <span class='ocrx_word' id='word_1_40' title='bbox 1157 600 1199 636; x_wconf 88' lang='lat' dir='ltr'>et</span> <span class='ocrx_word' id='word_1_41' title='bbox 1221 594 1323 650; x_wconf 90' lang='lat' dir='ltr'>quia</span> <span class='ocrx_word' id='word_1_42' title='bbox 1345 595 1529 636; x_wconf 84' lang='lat' dir='ltr'>materia</span> <span class='ocrx_word' id='word_1_43' title='bbox 1552 595 1606 638; x_wconf 89' lang='lat' dir='ltr'>de</span> <span class='ocrx_word' id='word_1_44' title='bbox 1630 612 1676 639; x_wconf 90' lang='lat' dir='ltr'>se</span> <span class='ocrx_word' id='word_1_45' title='bbox 1698 611 1782 638; x_wconf 91' lang='lat' dir='ltr'>non</span> <span class='ocrx_word' id='word_1_46' title='bbox 1801 610 1820 640; x_wconf 88' lang='lat'>5</span> 
     </span>
     <span class='ocr_line' id='line_1_7' title="bbox 445 665 1787 722; baseline 0 -13"><span class='ocrx_word' id='word_1_47' title='bbox 445 667 609 709; x_wconf 86' lang='lat' dir='ltr'>sufficit</span> <span class='ocrx_word' id='word_1_48' title='bbox 655 681 702 708; x_wconf 86' lang='lat' dir='ltr'>se</span> <span class='ocrx_word' id='word_1_49' title='bbox 748 666 890 722; x_wconf 83' lang='lat' dir='ltr'>ipsam</span> <span class='ocrx_word' id='word_1_50' title='bbox 935 665 990 708; x_wconf 87' lang='lat' dir='ltr'>ad</span> <span class='ocrx_word' id='word_1_51' title='bbox 1038 671 1186 707; x_wconf 86' lang='lat' dir='ltr'>actum</span> <span class='ocrx_word' id='word_1_52' title='bbox 1228 665 1457 720; x_wconf 80' lang='lat' dir='ltr'>reducere,</span> <span class='ocrx_word' id='word_1_53' title='bbox 1492 665 1570 708; x_wconf 86' lang='lat' dir='ltr'>sed</span> <span class='ocrx_word' id='word_1_54' title='bbox 1603 667 1787 722; x_wconf 81' lang='lat' dir='ltr'>requirit</span> 
     </span>
     <span class='ocr_line' id='line_1_8' title="bbox 445 734 1784 794; baseline 0.001 -15"><span class='ocrx_word' id='word_1_55' title='bbox 445 752 580 794; x_wconf 84' lang='lat' dir='ltr'>agens</span> <span class='ocrx_word' id='word_1_56' title='bbox 628 737 940 790; x_wconf 81' lang='lat' dir='ltr'>extrinsecum,</span> <span class='ocrx_word' id='word_1_57' title='bbox 973 741 1021 778; x_wconf 89' lang='lat' dir='ltr'>ut</span> <span class='ocrx_word' id='word_1_58' title='bbox 1065 735 1209 778; x_wconf 89' lang='lat' dir='ltr'>celum</span> <span class='ocrx_word' id='word_1_59' title='bbox 1254 734 1324 779; x_wconf 88' lang='lat' dir='ltr'>vel</span> <span class='ocrx_word' id='word_1_60' title='bbox 1369 735 1488 779; x_wconf 90' lang='lat' dir='ltr'>aliud</span> <span class='ocrx_word' id='word_1_61' title='bbox 1533 736 1784 793; x_wconf 83' lang='lat' dir='ltr'>sublunare,</span> 
     </span>
     <span class='ocr_line' id='line_1_9' title="bbox 448 806 1786 864; baseline 0.001 -15"><span class='ocrx_word' id='word_1_62' title='bbox 448 808 552 850; x_wconf 89' lang='lat' dir='ltr'>ideo</span> <span class='ocrx_word' id='word_1_63' title='bbox 569 808 730 849; x_wconf 90' lang='lat' dir='ltr'>dicitur</span> <span class='ocrx_word' id='word_1_64' title='bbox 746 807 875 848; x_wconf 89' lang='lat' dir='ltr'>educi</span> <span class='ocrx_word' id='word_1_65' title='bbox 894 806 949 848; x_wconf 87' lang='lat' dir='ltr'>de</span> <span class='ocrx_word' id='word_1_66' title='bbox 964 807 1171 862; x_wconf 86' lang='lat' dir='ltr'>potencia</span> <span class='ocrx_word' id='word_1_67' title='bbox 1186 807 1370 849; x_wconf 83' lang='lat' dir='ltr'>materie</span> <span class='ocrx_word' id='word_1_68' title='bbox 1394 813 1550 849; x_wconf 87' lang='lat' dir='ltr'>contra</span> <span class='ocrx_word' id='word_1_69' title='bbox 1571 814 1786 864; x_wconf 87' lang='lat' dir='ltr'>ponentes</span> 
     </span>
     <span class='ocr_line' id='line_1_10' title="bbox 445 877 1786 936; baseline 0 -16"><span class='ocrx_word' id='word_1_70' title='bbox 445 878 724 921; x_wconf 89' lang='lat' dir='ltr'>latitudinem</span> <span class='ocrx_word' id='word_1_71' title='bbox 757 877 1016 932; x_wconf 78' lang='lat' dir='ltr'>formarum,</span> <span class='ocrx_word' id='word_1_72' title='bbox 1051 893 1135 934; x_wconf 87' lang='lat' dir='ltr'>que</span> <span class='ocrx_word' id='word_1_73' title='bbox 1169 893 1225 920; x_wconf 82' lang='lat' dir='ltr'>ex</span> <span class='ocrx_word' id='word_1_74' title='bbox 1257 893 1303 920; x_wconf 90' lang='lat' dir='ltr'>se</span> <span class='ocrx_word' id='word_1_75' title='bbox 1336 879 1539 935; x_wconf 87' lang='lat' dir='ltr'>apparuit</span> <span class='ocrx_word' id='word_1_76' title='bbox 1561 884 1786 936; x_wconf 81' lang='lat' dir='ltr'><strong>tamquam</strong></span> 
     </span>
     <span class='ocr_line' id='line_1_11' title="bbox 449 947 1845 1006; baseline 0.001 -14"><span class='ocrx_word' id='word_1_77' title='bbox 449 949 653 992; x_wconf 87' lang='lat' dir='ltr'>absolute</span> <span class='ocrx_word' id='word_1_78' title='bbox 690 949 888 991; x_wconf 87' lang='lat' dir='ltr'>essencie</span> <span class='ocrx_word' id='word_1_79' title='bbox 924 948 1127 990; x_wconf 87' lang='lat' dir='ltr'>distincte</span> <span class='ocrx_word' id='word_1_80' title='bbox 1174 947 1474 991; x_wconf 87' lang='lat' dir='ltr'>essencialiter</span> <span class='ocrx_word' id='word_1_81' title='bbox 1512 962 1538 990; x_wconf 82' lang='lat' dir='ltr'>a</span> <span class='ocrx_word' id='word_1_82' title='bbox 1571 948 1787 1006; x_wconf 77' lang='lat' dir='ltr'>subiecto,</span> <span class='ocrx_word' id='word_1_83' title='bbox 1803 962 1845 993; x_wconf 89' lang='lat'>10</span> 
     </span>
     <span class='ocr_line' id='line_1_12' title="bbox 451 1018 1789 1076; baseline 0 -14"><span class='ocrx_word' id='word_1_84' title='bbox 451 1026 494 1062; x_wconf 89' lang='lat' dir='ltr'>et</span> <span class='ocrx_word' id='word_1_85' title='bbox 526 1025 680 1062; x_wconf 88' lang='lat' dir='ltr'>contra</span> <span class='ocrx_word' id='word_1_86' title='bbox 711 1025 929 1076; x_wconf 89' lang='lat' dir='ltr'>ponentes</span> <span class='ocrx_word' id='word_1_87' title='bbox 961 1019 1137 1061; x_wconf 85' lang='lat' dir='ltr'>datores</span> <span class='ocrx_word' id='word_1_88' title='bbox 1166 1018 1420 1073; x_wconf 81' lang='lat' dir='ltr'>formarum,</span> <span class='ocrx_word' id='word_1_89' title='bbox 1455 1034 1539 1076; x_wconf 91' lang='lat' dir='ltr'>que</span> <span class='ocrx_word' id='word_1_90' title='bbox 1572 1020 1627 1061; x_wconf 88' lang='lat' dir='ltr'>ad</span> <span class='ocrx_word' id='word_1_91' title='bbox 1662 1027 1789 1063; x_wconf 83' lang='lat' dir='ltr'>extra</span> 
     </span>
     <span class='ocr_line' id='line_1_13' title="bbox 449 1089 1788 1147; baseline 0 -14"><span class='ocrx_word' id='word_1_92' title='bbox 449 1092 624 1147; x_wconf 87' lang='lat' dir='ltr'>penitus</span> <span class='ocrx_word' id='word_1_93' title='bbox 669 1105 784 1147; x_wconf 90' lang='lat' dir='ltr'>pene</span> <span class='ocrx_word' id='word_1_94' title='bbox 830 1089 1071 1133; x_wconf 88' lang='lat' dir='ltr'>efficientes</span> <span class='ocrx_word' id='word_1_95' title='bbox 1103 1089 1288 1131; x_wconf 85' lang='lat' dir='ltr'>formam</span> <span class='ocrx_word' id='word_1_96' title='bbox 1326 1089 1581 1146; x_wconf 92' lang='lat' dir='ltr'>producunt</span> <span class='ocrx_word' id='word_1_97' title='bbox 1614 1096 1657 1132; x_wconf 89' lang='lat' dir='ltr'>et</span> <span class='ocrx_word' id='word_1_98' title='bbox 1689 1090 1788 1133; x_wconf 85' lang='lat' dir='ltr'>sub-</span> 
     </span>
     <span class='ocr_line' id='line_1_14' title="bbox 451 1160 1792 1219; baseline -0.001 -16"><span class='ocrx_word' id='word_1_99' title='bbox 451 1162 567 1204; x_wconf 90' lang='lat' dir='ltr'>iecto</span> <span class='ocrx_word' id='word_1_100' title='bbox 602 1161 817 1219; x_wconf 86' lang='lat' dir='ltr'>disposito</span> <span class='ocrx_word' id='word_1_101' title='bbox 851 1166 955 1218; x_wconf 83' lang='lat' dir='ltr'>post</span> <span class='ocrx_word' id='word_1_102' title='bbox 986 1161 1253 1217; x_wconf 86' lang='lat' dir='ltr'>inmergunt.</span> <span class='ocrx_word' id='word_1_103' title='bbox 1286 1160 1385 1202; x_wconf 89' lang='lat' dir='ltr'>Non</span> <span class='ocrx_word' id='word_1_104' title='bbox 1418 1161 1533 1203; x_wconf 88' lang='lat' dir='ltr'>enim</span> <span class='ocrx_word' id='word_1_105' title='bbox 1566 1160 1622 1203; x_wconf 89' lang='lat' dir='ltr'>ad</span> <span class='ocrx_word' id='word_1_106' title='bbox 1656 1160 1792 1203; x_wconf 89' lang='lat' dir='ltr'>alium</span> 
     </span>
     <span class='ocr_line' id='line_1_15' title="bbox 454 1230 1791 1288; baseline -0.001 -13"><span class='ocrx_word' id='word_1_107' title='bbox 454 1248 632 1275; x_wconf 89' lang='lat' dir='ltr'>sensum</span> <span class='ocrx_word' id='word_1_108' title='bbox 665 1238 766 1275; x_wconf 87' lang='lat' dir='ltr'>sunt</span> <span class='ocrx_word' id='word_1_109' title='bbox 797 1232 989 1288; x_wconf 84' lang='lat' dir='ltr'>negandi</span> <span class='ocrx_word' id='word_1_110' title='bbox 1026 1232 1203 1274; x_wconf 86' lang='lat' dir='ltr'>datores</span> <span class='ocrx_word' id='word_1_111' title='bbox 1248 1231 1488 1273; x_wconf 84' lang='lat' dir='ltr'>formarum</span> <span class='ocrx_word' id='word_1_112' title='bbox 1533 1230 1606 1273; x_wconf 85' lang='lat' dir='ltr'>vel</span> <span class='ocrx_word' id='word_1_113' title='bbox 1639 1246 1791 1274; x_wconf 83' lang='lat' dir='ltr'>earum</span> 
     </span>
     <span class='ocr_line' id='line_1_16' title="bbox 454 1302 1850 1360; baseline 0 -15"><span class='ocrx_word' id='word_1_114' title='bbox 454 1302 691 1346; x_wconf 85' lang='lat' dir='ltr'>latenciam</span> <span class='ocrx_word' id='word_1_115' title='bbox 725 1303 769 1345; x_wconf 89' lang='lat' dir='ltr'>in</span> <span class='ocrx_word' id='word_1_116' title='bbox 804 1302 1020 1360; x_wconf 78' lang='lat' dir='ltr'>subiecto,</span> <span class='ocrx_word' id='word_1_117' title='bbox 1054 1318 1203 1359; x_wconf 89' lang='lat' dir='ltr'>ymmo</span> <span class='ocrx_word' id='word_1_118' title='bbox 1238 1302 1294 1343; x_wconf 86' lang='lat' dir='ltr'>ad</span> <span class='ocrx_word' id='word_1_119' title='bbox 1327 1317 1506 1345; x_wconf 84' lang='lat' dir='ltr'>sensum</span> <span class='ocrx_word' id='word_1_120' title='bbox 1540 1303 1792 1359; x_wconf 83' lang='lat' dir='ltr'>expositum</span> <span class='ocrx_word' id='word_1_121' title='bbox 1810 1315 1850 1346; x_wconf 85' lang='lat'>15</span> 
     </span>
     <span class='ocr_line' id='line_1_17' title="bbox 453 1373 1794 1431; baseline 0 -15"><span class='ocrx_word' id='word_1_122' title='bbox 453 1380 692 1431; x_wconf 86' lang='lat' dir='ltr'>utrumque</span> <span class='ocrx_word' id='word_1_123' title='bbox 745 1374 1015 1429; x_wconf 78' lang='lat' dir='ltr'>conceditur,</span> <span class='ocrx_word' id='word_1_124' title='bbox 1082 1388 1180 1416; x_wconf 91' lang='lat' dir='ltr'>cum</span> <span class='ocrx_word' id='word_1_125' title='bbox 1234 1373 1481 1416; x_wconf 88' lang='lat' dir='ltr'>subiectum</span> <span class='ocrx_word' id='word_1_126' title='bbox 1535 1373 1699 1416; x_wconf 88' lang='lat' dir='ltr'>habeat</span> <span class='ocrx_word' id='word_1_127' title='bbox 1750 1375 1794 1416; x_wconf 90' lang='lat' dir='ltr'>in</span> 
     </span>
     <span class='ocr_line' id='line_1_18' title="bbox 454 1443 1794 1502; baseline -0.001 -15"><span class='ocrx_word' id='word_1_128' title='bbox 454 1446 661 1502; x_wconf 89' lang='lat' dir='ltr'>potencia</span> <span class='ocrx_word' id='word_1_129' title='bbox 692 1443 817 1496; x_wconf 84' lang='lat' dir='ltr'>tales,</span> <span class='ocrx_word' id='word_1_130' title='bbox 852 1459 938 1501; x_wconf 91' lang='lat' dir='ltr'>que</span> <span class='ocrx_word' id='word_1_131' title='bbox 982 1444 1226 1486; x_wconf 88' lang='lat' dir='ltr'>secundum</span> <span class='ocrx_word' id='word_1_132' title='bbox 1274 1459 1371 1486; x_wconf 85' lang='lat' dir='ltr'>esse</span> <span class='ocrx_word' id='word_1_133' title='bbox 1404 1443 1656 1500; x_wconf 88' lang='lat' dir='ltr'>potenciale</span> <span class='ocrx_word' id='word_1_134' title='bbox 1688 1459 1794 1487; x_wconf 90' lang='lat' dir='ltr'>vere</span> 
     </span>
     <span class='ocr_line' id='line_1_19' title="bbox 454 1513 1795 1572; baseline -0.001 -15"><span class='ocrx_word' id='word_1_135' title='bbox 454 1515 634 1570; x_wconf 77' lang='lat' dir='ltr'>lateant,</span> <span class='ocrx_word' id='word_1_136' title='bbox 670 1530 904 1572; x_wconf 87' lang='lat' dir='ltr'>quousque</span> <span class='ocrx_word' id='word_1_137' title='bbox 939 1513 1229 1557; x_wconf 87' lang='lat' dir='ltr'>effectualiter</span> <span class='ocrx_word' id='word_1_138' title='bbox 1262 1514 1583 1571; x_wconf 87' lang='lat' dir='ltr'>producuntur.</span> <span class='ocrx_word' id='word_1_139' title='bbox 1642 1515 1702 1557; x_wconf 89' lang='lat' dir='ltr'>Et</span> <span class='ocrx_word' id='word_1_140' title='bbox 1732 1515 1795 1557; x_wconf 91' lang='lat' dir='ltr'>in-</span> 
     </span>
     <span class='ocr_line' id='line_1_20' title="bbox 458 1585 1796 1641; baseline -0.001 -13"><span class='ocrx_word' id='word_1_141' title='bbox 458 1586 590 1629; x_wconf 89' lang='lat' dir='ltr'>dubie</span> <span class='ocrx_word' id='word_1_142' title='bbox 635 1586 719 1628; x_wconf 91' lang='lat' dir='ltr'>nisi</span> <span class='ocrx_word' id='word_1_143' title='bbox 764 1601 900 1641; x_wconf 82' lang='lat' dir='ltr'>agens</span> <span class='ocrx_word' id='word_1_144' title='bbox 963 1586 1262 1628; x_wconf 86' lang='lat' dir='ltr'>extrinsecum</span> <span class='ocrx_word' id='word_1_145' title='bbox 1316 1585 1490 1628; x_wconf 83' lang='lat' dir='ltr'>dederit</span> <span class='ocrx_word' id='word_1_146' title='bbox 1543 1585 1796 1628; x_wconf 85' lang='lat' dir='ltr'>substancie</span> 
     </span>
     <span class='ocr_line' id='line_1_21' title="bbox 459 1655 1855 1714; baseline -0.001 -15"><span class='ocrx_word' id='word_1_147' title='bbox 459 1672 610 1699; x_wconf 89' lang='lat' dir='ltr'>eorum</span> <span class='ocrx_word' id='word_1_148' title='bbox 645 1656 943 1713; x_wconf 75' lang='lat' dir='ltr'>existenciam,</span> <span class='ocrx_word' id='word_1_149' title='bbox 977 1671 1221 1714; x_wconf 86' lang='lat' dir='ltr'>numquam</span> <span class='ocrx_word' id='word_1_150' title='bbox 1253 1657 1469 1713; x_wconf 84' lang='lat' dir='ltr'>inciperet</span> <span class='ocrx_word' id='word_1_151' title='bbox 1501 1656 1581 1698; x_wconf 88' lang='lat' dir='ltr'>has</span> <span class='ocrx_word' id='word_1_152' title='bbox 1614 1655 1796 1699; x_wconf 87' lang='lat' dir='ltr'>habere.</span> <span class='ocrx_word' id='word_1_153' title='bbox 1811 1668 1855 1698; x_wconf 81' lang='lat'>20</span> 
     </span>
     <span class='ocr_line' id='line_1_22' title="bbox 166 1726 1797 1785; baseline -0.006 -6"><span class='ocrx_word' id='word_1_154' title='bbox 166 1754 206 1779; x_wconf 84' lang='lat'>11.</span> <span class='ocrx_word' id='word_1_155' title='bbox 228 1752 299 1777; x_wconf 83' lang='lat' dir='ltr'>Man</span> <span class='ocrx_word' id='word_1_156' title='bbox 324 1751 379 1776; x_wconf 71' lang='lat' dir='ltr'>has</span> <span class='ocrx_word' id='word_1_157' title='bbox 406 1758 445 1775; x_wconf 68' lang='lat' dir='ltr'>a„</span> <span class='ocrx_word' id='word_1_158' title='bbox 520 1726 713 1770; x_wconf 91' lang='lat' dir='ltr'>Omnino</span> <span class='ocrx_word' id='word_1_159' title='bbox 746 1728 897 1785; x_wconf 87' lang='lat' dir='ltr'>itaque</span> <span class='ocrx_word' id='word_1_160' title='bbox 930 1727 1153 1770; x_wconf 84' lang='lat' dir='ltr'>cavendus</span> <span class='ocrx_word' id='word_1_161' title='bbox 1179 1733 1246 1770; x_wconf 89' lang='lat' dir='ltr'>est</span> <span class='ocrx_word' id='word_1_162' title='bbox 1268 1742 1392 1770; x_wconf 89' lang='lat' dir='ltr'>error</span> <span class='ocrx_word' id='word_1_163' title='bbox 1424 1727 1707 1785; x_wconf 86' lang='lat' dir='ltr'>supradictus</span> <span class='ocrx_word' id='word_1_164' title='bbox 1742 1727 1797 1770; x_wconf 87' lang='lat' dir='ltr'>de</span> 
     </span>
    </p>
   </div>
   <div class='ocr_carea' id='block_1_3' title="bbox 174 1787 1797 1855">
    <p class='ocr_par' dir='ltr' id='par_1_3' title="bbox 174 1787 1797 1855">
     <span class='ocr_line' id='line_1_23' title="bbox 174 1787 1797 1855; baseline 0 -15"><span class='ocrx_word' id='word_1_165' title='bbox 174 1787 437 1849; x_wconf 50' lang='grc' dir='ltr'>ἱῇξῗξζᾶζῐῗξῐξᾶῐ</span> <span class='ocrx_word' id='word_1_166' title='bbox 461 1798 679 1855; x_wconf 81' lang='lat' dir='ltr'>quiditate</span> <span class='ocrx_word' id='word_1_167' title='bbox 709 1798 971 1853; x_wconf 78' lang='lat' dir='ltr'>formarum3</span> <span class='ocrx_word' id='word_1_168' title='bbox 1005 1798 1122 1841; x_wconf 91' lang='lat' dir='ltr'>unde</span> <span class='ocrx_word' id='word_1_169' title='bbox 1156 1798 1350 1841; x_wconf 89' lang='lat' dir='ltr'>secundo</span> <span class='ocrx_word' id='word_1_170' title='bbox 1384 1799 1641 1852; x_wconf 80' lang='lat' dir='ltr'>notandum,</span> <span class='ocrx_word' id='word_1_171' title='bbox 1677 1797 1797 1855; x_wconf 92' lang='lat' dir='ltr'>quod</span> 
     </span>
    </p>
   </div>
   <div class='ocr_carea' id='block_1_4' title="bbox 184 1857 1797 1926">
    <p class='ocr_par' dir='ltr' id='par_1_4' title="bbox 184 1857 1797 1926">
     <span class='ocr_line' id='line_1_24' title="bbox 184 1857 1496 1885; baseline -0.005 -1"><span class='ocrx_word' id='word_1_172' title='bbox 184 1863 214 1885; x_wconf 83' lang='lat' dir='ltr'>to</span> <span class='ocrx_word' id='word_1_173' title='bbox 236 1859 296 1883; x_wconf 87' lang='lat' dir='ltr'>him</span> <span class='ocrx_word' id='word_1_174' title='bbox 317 1865 350 1884; x_wconf 84' lang='lat' dir='ltr'>as</span> <span class='ocrx_word' id='word_1_175' title='bbox 377 1857 428 1882; x_wconf 74' lang='lat' dir='ltr'>the</span> <span class='ocrx_word' id='word_1_176' title='bbox 1307 1870 1316 1878; x_wconf 89' lang='lat'><strong>.</strong></span> <span class='ocrx_word' id='word_1_177' title='bbox 1348 1869 1356 1877; x_wconf 85' lang='lat'>.</span> <span class='ocrx_word' id='word_1_178' title='bbox 1488 1869 1496 1877; x_wconf 86' lang='lat'><strong>.</strong></span> 
     </span>
     <span class='ocr_line' id='line_1_25' title="bbox 209 1867 1797 1926; baseline -0.001 -15"><span class='ocrx_word' id='word_1_179' title='bbox 209 1894 305 1920; x_wconf 66' lang='lat' dir='ltr'>word</span> <span class='ocrx_word' id='word_1_180' title='bbox 328 1893 352 1918; x_wconf 66' lang='lat' dir='ltr'>is</span> <span class='ocrx_word' id='word_1_181' title='bbox 372 1895 404 1918; x_wconf 61' lang='lat' dir='ltr'>to</span> <span class='ocrx_word' id='word_1_182' title='bbox 460 1869 593 1911; x_wconf 85' lang='lat' dir='ltr'>homo</span> <span class='ocrx_word' id='word_1_183' title='bbox 627 1868 791 1912; x_wconf 85' lang='lat' dir='ltr'>habeat</span> <span class='ocrx_word' id='word_1_184' title='bbox 823 1885 956 1911; x_wconf 90' lang='lat' dir='ltr'>unum</span> <span class='ocrx_word' id='word_1_185' title='bbox 1006 1876 1202 1912; x_wconf 87' lang='lat' dir='ltr'>creatum</span> <span class='ocrx_word' id='word_1_186' title='bbox 1250 1875 1453 1926; x_wconf 82' lang='lat' dir='ltr'>spirltum</span> <span class='ocrx_word' id='word_1_187' title='bbox 1486 1867 1797 1923; x_wconf 81' lang='lat' dir='ltr'>1mmortalem‚</span> 
     </span>
    </p>
   </div>
   <div class='ocr_carea' id='block_1_5' title="bbox 222 1929 1858 2280">
    <p class='ocr_par' dir='ltr' id='par_1_5' title="bbox 222 1929 1858 2280">
     <span class='ocr_line' id='line_1_26' title="bbox 222 1929 1799 1998; baseline 0 -17"><span class='ocrx_word' id='word_1_188' title='bbox 222 1929 391 1964; x_wconf 72' lang='lat' dir='ltr'>numanity.</span> <span class='ocrx_word' id='word_1_189' title='bbox 463 1940 537 1997; x_wconf 92' lang='lat' dir='ltr'>qui</span> <span class='ocrx_word' id='word_1_190' title='bbox 569 1955 651 1996; x_wconf 88' lang='lat' dir='ltr'>per</span> <span class='ocrx_word' id='word_1_191' title='bbox 683 1940 890 1983; x_wconf 86' lang='lat' dir='ltr'>unionem</span> <span class='ocrx_word' id='word_1_192' title='bbox 923 1941 1213 1998; x_wconf 85' lang='lat' dir='ltr'>ypostaticam</span> <span class='ocrx_word' id='word_1_193' title='bbox 1257 1947 1323 1983; x_wconf 89' lang='lat' dir='ltr'>est</span> <span class='ocrx_word' id='word_1_194' title='bbox 1353 1940 1471 1982; x_wconf 86' lang='lat' dir='ltr'>idem</span> <span class='ocrx_word' id='word_1_195' title='bbox 1505 1939 1799 1997; x_wconf 85' lang='lat' dir='ltr'>personaliter</span> 
     </span>
     <span class='ocr_line' id='line_1_27' title="bbox 462 2010 1858 2068; baseline 0.001 -16"><span class='ocrx_word' id='word_1_196' title='bbox 462 2026 560 2053; x_wconf 88' lang='lat' dir='ltr'>cum</span> <span class='ocrx_word' id='word_1_197' title='bbox 606 2011 780 2065; x_wconf 80' lang='lat' dir='ltr'>eodem,</span> <span class='ocrx_word' id='word_1_198' title='bbox 824 2017 872 2053; x_wconf 89' lang='lat' dir='ltr'>ut</span> <span class='ocrx_word' id='word_1_199' title='bbox 916 2017 1082 2054; x_wconf 86' lang='lat' dir='ltr'>tactum</span> <span class='ocrx_word' id='word_1_200' title='bbox 1130 2018 1196 2054; x_wconf 88' lang='lat' dir='ltr'>est</span> <span class='ocrx_word' id='word_1_201' title='bbox 1227 2012 1369 2068; x_wconf 87' lang='lat' dir='ltr'>primo</span> <span class='ocrx_word' id='word_1_202' title='bbox 1416 2010 1622 2068; x_wconf 86' lang='lat' dir='ltr'>capitulo.</span> <span class='ocrx_word' id='word_1_203' title='bbox 1686 2010 1858 2054; x_wconf 75' lang='lat' dir='ltr'>Na11125</span> 
     </span>
     <span class='ocr_line' id='line_1_28' title="bbox 463 2080 1799 2139; baseline 0 -16"><span class='ocrx_word' id='word_1_204' title='bbox 463 2081 577 2123; x_wconf 90' lang='lat' dir='ltr'>sicut</span> <span class='ocrx_word' id='word_1_205' title='bbox 610 2095 804 2137; x_wconf 89' lang='lat' dir='ltr'>persona</span> <span class='ocrx_word' id='word_1_206' title='bbox 834 2081 962 2125; x_wconf 86' lang='lat' dir='ltr'>verbi</span> <span class='ocrx_word' id='word_1_207' title='bbox 1009 2082 1363 2125; x_wconf 87' lang='lat' dir='ltr'>communicatur</span> <span class='ocrx_word' id='word_1_208' title='bbox 1396 2080 1689 2139; x_wconf 88' lang='lat' dir='ltr'>personaliter</span> <span class='ocrx_word' id='word_1_209' title='bbox 1720 2081 1799 2123; x_wconf 93' lang='lat' dir='ltr'>hu-</span> 
     </span>
     <span class='ocr_line' id='line_1_29' title="bbox 461 2151 1802 2210; baseline 0.001 -17"><span class='ocrx_word' id='word_1_210' title='bbox 461 2151 675 2207; x_wconf 81' lang='lat' dir='ltr'>manitati,</span> <span class='ocrx_word' id='word_1_211' title='bbox 725 2152 801 2207; x_wconf 82' lang='lat' dir='ltr'>sic,</span> <span class='ocrx_word' id='word_1_212' title='bbox 850 2152 970 2208; x_wconf 93' lang='lat' dir='ltr'>quod</span> <span class='ocrx_word' id='word_1_213' title='bbox 1017 2152 1173 2195; x_wconf 87' lang='lat' dir='ltr'>eadem</span> <span class='ocrx_word' id='word_1_214' title='bbox 1223 2167 1412 2210; x_wconf 87' lang='lat' dir='ltr'>persona</span> <span class='ocrx_word' id='word_1_215' title='bbox 1451 2153 1506 2194; x_wconf 89' lang='lat' dir='ltr'>sit</span> <span class='ocrx_word' id='word_1_216' title='bbox 1536 2151 1725 2195; x_wconf 86' lang='lat' dir='ltr'>verbum</span> <span class='ocrx_word' id='word_1_217' title='bbox 1759 2159 1802 2194; x_wconf 87' lang='lat' dir='ltr'>et</span> 
     </span>
     <span class='ocr_line' id='line_1_30' title="bbox 462 2221 1802 2280; baseline 0.001 -17"><span class='ocrx_word' id='word_1_218' title='bbox 462 2221 540 2264; x_wconf 89' lang='lat' dir='ltr'>illa</span> <span class='ocrx_word' id='word_1_219' title='bbox 571 2221 834 2278; x_wconf 76' lang='lat' dir='ltr'>humanitas,</span> <span class='ocrx_word' id='word_1_220' title='bbox 882 2229 1084 2265; x_wconf 83' lang='lat' dir='ltr'>naturam</span> <span class='ocrx_word' id='word_1_221' title='bbox 1130 2230 1278 2266; x_wconf 88' lang='lat' dir='ltr'>tamen</span> <span class='ocrx_word' id='word_1_222' title='bbox 1327 2237 1587 2280; x_wconf 88' lang='lat' dir='ltr'>corpoream</span> <span class='ocrx_word' id='word_1_223' title='bbox 1618 2222 1723 2265; x_wconf 85' lang='lat' dir='ltr'>fecit</span> <span class='ocrx_word' id='word_1_224' title='bbox 1755 2238 1802 2265; x_wconf 86' lang='lat' dir='ltr'>se</span> 
     </span>
    </p>
   </div>
   <div class='ocr_carea' id='block_1_6' title="bbox 557 2338 1804 2499">
    <p class='ocr_par' dir='ltr' id='par_1_6' title="bbox 557 2338 1804 2499">
     <span class='ocr_line' id='line_1_31' title="bbox 651 2338 1804 2384; baseline 0.001 -12"><span class='ocrx_word' id='word_1_225' title='bbox 651 2342 679 2372; x_wconf 88' lang='lat'>1.</span> <span class='ocrx_word' id='word_1_226' title='bbox 711 2338 765 2381; x_wconf 82' lang='lat' dir='ltr'>Of.</span> <span class='ocrx_word' id='word_1_227' title='bbox 803 2351 918 2382; x_wconf 72' lang='lat' dir='ltr'>supra</span> <span class='ocrx_word' id='word_1_228' title='bbox 953 2353 1037 2384; x_wconf 67' lang='lat' dir='ltr'>pay.</span> <span class='ocrx_word' id='word_1_229' title='bbox 1079 2343 1138 2372; x_wconf 88' lang='lat'>55.</span> <span class='ocrx_word' id='word_1_230' title='bbox 1178 2341 1236 2372; x_wconf 73' lang='lat' dir='ltr'>liu.</span> <span class='ocrx_word' id='word_1_231' title='bbox 1264 2343 1317 2373; x_wconf 89' lang='grc'>17.</span> <span class='ocrx_word' id='word_1_232' title='bbox 1344 2341 1404 2374; x_wconf 78' lang='lat' dir='ltr'>ubi</span> <span class='ocrx_word' id='word_1_233' title='bbox 1442 2352 1529 2383; x_wconf 79' lang='lat' dir='ltr'>quae</span> <span class='ocrx_word' id='word_1_234' title='bbox 1554 2339 1725 2373; x_wconf 49' lang='lat' dir='ltr'>Auem-oeae</span> <span class='ocrx_word' id='word_1_235' title='bbox 1762 2340 1804 2373; x_wconf 84' lang='lat' dir='ltr'>de</span> 
     </span>
     <span class='ocr_line' id='line_1_32' title="bbox 557 2398 1804 2443; baseline 0.002 -14"><span class='ocrx_word' id='word_1_236' title='bbox 557 2399 679 2430; x_wconf 73' lang='lat' dir='ltr'>anima</span> <span class='ocrx_word' id='word_1_237' title='bbox 697 2398 849 2431; x_wconf 68' lang='lat' dir='ltr'>humana</span> <span class='ocrx_word' id='word_1_238' title='bbox 866 2401 1001 2443; x_wconf 72' lang='lat' dir='ltr'>eiusque</span> <span class='ocrx_word' id='word_1_239' title='bbox 1019 2411 1094 2432; x_wconf 83' lang='lat' dir='ltr'>cum</span> <span class='ocrx_word' id='word_1_240' title='bbox 1122 2411 1268 2441; x_wconf 73' lang='lat' dir='ltr'>corpore</span> <span class='ocrx_word' id='word_1_241' title='bbox 1297 2402 1539 2442; x_wconf 73' lang='lat' dir='ltr'>compositione</span> <span class='ocrx_word' id='word_1_242' title='bbox 1564 2403 1804 2432; x_wconf 71' lang='lat' dir='ltr'>commentatus</span> 
     </span>
     <span class='ocr_line' id='line_1_33' title="bbox 562 2457 987 2499; baseline 0.007 -11"><span class='ocrx_word' id='word_1_243' title='bbox 562 2461 610 2489; x_wconf 68' lang='lat' dir='ltr'>cst</span> <span class='ocrx_word' id='word_1_244' title='bbox 626 2457 753 2498; x_wconf 71' lang='lat' dir='ltr'>fusius</span> <span class='ocrx_word' id='word_1_245' title='bbox 777 2457 987 2499; x_wconf 65' lang='lat' dir='ltr'>referuntur.</span> 
     </span>
    </p>
   </div>
   <div class='ocr_carea' id='block_1_7' title="bbox 467 2562 1807 2781">
    <p class='ocr_par' dir='ltr' id='par_1_7' title="bbox 467 2562 1807 2781">
     <span class='ocr_line' id='line_1_34' title="bbox 515 2562 1805 2598; baseline 0.002 -5"><span class='ocrx_word' id='word_1_246' title='bbox 515 2565 543 2594; x_wconf 95' lang='lat'>1.</span> <span class='ocrx_word' id='word_1_247' title='bbox 575 2563 612 2593; x_wconf 81' lang='lat'>40</span> <span class='ocrx_word' id='word_1_248' title='bbox 661 2562 699 2595; x_wconf 89' lang='lat' dir='ltr'>C.</span> <span class='ocrx_word' id='word_1_249' title='bbox 845 2563 970 2597; x_wconf 89' lang='lat' dir='ltr'>ultimo</span> <span class='ocrx_word' id='word_1_250' title='bbox 1010 2576 1072 2598; x_wconf 85' lang='lat' dir='ltr'>om.</span> <span class='ocrx_word' id='word_1_251' title='bbox 1116 2565 1155 2598; x_wconf 93' lang='lat' dir='ltr'>P.</span> <span class='ocrx_word' id='word_1_252' title='bbox 1301 2567 1332 2597; x_wconf 85' lang='lat'>4.</span> <span class='ocrx_word' id='word_1_253' title='bbox 1371 2563 1467 2596; x_wconf 87' lang='lat' dir='ltr'>illius</span> <span class='ocrx_word' id='word_1_254' title='bbox 1509 2563 1620 2596; x_wconf 83' lang='lat' dir='ltr'>formo</span> <span class='ocrx_word' id='word_1_255' title='bbox 1662 2563 1805 2595; x_wconf 91' lang='lat' dir='ltr'>BPPr.</span> 
     </span>
     <span class='ocr_line' id='line_1_35' title="bbox 468 2622 1807 2666; baseline 0 -13"><span class='ocrx_word' id='word_1_256' title='bbox 468 2623 501 2654; x_wconf 84' lang='lat'>9.</span> <span class='ocrx_word' id='word_1_257' title='bbox 529 2623 697 2663; x_wconf 72' lang='lat' dir='ltr'>apparuit</span> <span class='ocrx_word' id='word_1_258' title='bbox 723 2627 918 2666; x_wconf 84' lang='lat' dir='ltr'>appareant</span> <span class='ocrx_word' id='word_1_259' title='bbox 950 2624 977 2655; x_wconf 91' lang='lat' dir='ltr'><strong>A</strong></span> <span class='ocrx_word' id='word_1_260' title='bbox 995 2623 1094 2656; x_wconf 90' lang='lat' dir='ltr'>CPr.</span> <span class='ocrx_word' id='word_1_261' title='bbox 1244 2625 1295 2656; x_wconf 92' lang='lat'>11.</span> <span class='ocrx_word' id='word_1_262' title='bbox 1330 2623 1492 2655; x_wconf 84' lang='lat' dir='ltr'>doctores</span> <span class='ocrx_word' id='word_1_263' title='bbox 1523 2622 1564 2654; x_wconf 89' lang='lat' dir='ltr'>A.</span> <span class='ocrx_word' id='word_1_264' title='bbox 1709 2625 1807 2654; x_wconf 76' lang='lat' dir='ltr'>extra</span> 
     </span>
     <span class='ocr_line' id='line_1_36' title="bbox 467 2680 1805 2725; baseline 0.001 -15"><span class='ocrx_word' id='word_1_265' title='bbox 467 2690 557 2721; x_wconf 86' lang='lat' dir='ltr'>pene</span> <span class='ocrx_word' id='word_1_266' title='bbox 596 2681 645 2712; x_wconf 84' lang='lat' dir='ltr'>ita</span> <span class='ocrx_word' id='word_1_267' title='bbox 685 2681 868 2714; x_wconf 79' lang='lat' dir='ltr'>sufficiens</span> <span class='ocrx_word' id='word_1_268' title='bbox 902 2682 1068 2715; x_wconf 83' lang='lat' dir='ltr'>deficiens</span> <span class='ocrx_word' id='word_1_269' title='bbox 1096 2683 1134 2725; x_wconf 85' lang='lat' dir='ltr'>C⁷</span> <span class='ocrx_word' id='word_1_270' title='bbox 1178 2683 1244 2715; x_wconf 85' lang='lat' dir='ltr'>fuit</span> <span class='ocrx_word' id='word_1_271' title='bbox 1288 2683 1402 2715; x_wconf 87' lang='lat' dir='ltr'>forma</span> <span class='ocrx_word' id='word_1_272' title='bbox 1444 2681 1528 2722; x_wconf 84' lang='lat' dir='ltr'>BC,</span> <span class='ocrx_word' id='word_1_273' title='bbox 1561 2680 1715 2713; x_wconf 85' lang='lat' dir='ltr'>efficiens</span> <span class='ocrx_word' id='word_1_274' title='bbox 1748 2681 1805 2722; x_wconf 80' lang='lat' dir='ltr'>Pr,</span> 
     </span>
     <span class='ocr_line' id='line_1_37' title="bbox 469 2736 1805 2781; baseline 0.001 -13"><span class='ocrx_word' id='word_1_275' title='bbox 469 2736 637 2771; x_wconf 83' lang='lat' dir='ltr'>deficiens</span> <span class='ocrx_word' id='word_1_276' title='bbox 675 2740 714 2772; x_wconf 89' lang='lat' dir='ltr'>P.</span> <span class='ocrx_word' id='word_1_277' title='bbox 830 2742 882 2774; x_wconf 84' lang='lat'>15.</span> <span class='ocrx_word' id='word_1_278' title='bbox 923 2741 1074 2775; x_wconf 84' lang='lat' dir='ltr'>latcncia</span> <span class='ocrx_word' id='word_1_279' title='bbox 1114 2741 1303 2773; x_wconf 88' lang='lat' dir='ltr'>BCPPr.</span> <span class='ocrx_word' id='word_1_280' title='bbox 1421 2742 1470 2772; x_wconf 79' lang='lat'>19.</span> <span class='ocrx_word' id='word_1_281' title='bbox 1509 2750 1579 2771; x_wconf 92' lang='lat' dir='ltr'>non</span> <span class='ocrx_word' id='word_1_282' title='bbox 1624 2751 1694 2781; x_wconf 77' lang='lat' dir='ltr'>pro</span> <span class='ocrx_word' id='word_1_283' title='bbox 1738 2739 1805 2770; x_wconf 85' lang='lat' dir='ltr'>nisi</span> 
     </span>
    </p>
   </div>
   <div class='ocr_carea' id='block_1_8' title="bbox 470 2795 1804 2892">
    <p class='ocr_par' dir='ltr' id='par_1_8' title="bbox 470 2795 1804 2892">
     <span class='ocr_line' id='line_1_38' title="bbox 470 2795 1804 2842; baseline 0.01 -16"><span class='ocrx_word' id='word_1_284' title='bbox 470 2795 497 2826; x_wconf 87' lang='lat' dir='ltr'>B</span> <span class='ocrx_word' id='word_1_285' title='bbox 515 2795 541 2827; x_wconf 84' lang='lat' dir='ltr'>C</span> <span class='ocrx_word' id='word_1_286' title='bbox 558 2796 654 2829; x_wconf 82' lang='lat' dir='ltr'>PPr.</span> <span class='ocrx_word' id='word_1_287' title='bbox 758 2800 814 2830; x_wconf 77' lang='lat'>20.</span> <span class='ocrx_word' id='word_1_288' title='bbox 850 2800 998 2842; x_wconf 83' lang='lat' dir='ltr'>incipiat</span> <span class='ocrx_word' id='word_1_289' title='bbox 1024 2800 1062 2841; x_wconf 83' lang='lat' dir='ltr'>C,</span> <span class='ocrx_word' id='word_1_290' title='bbox 1091 2801 1225 2833; x_wconf 65' lang='lat' dir='ltr'>ext&#39;nenz</span> <span class='ocrx_word' id='word_1_291' title='bbox 1256 2800 1297 2833; x_wconf 89' lang='lat' dir='ltr'>B.</span> <span class='ocrx_word' id='word_1_292' title='bbox 1395 2801 1447 2832; x_wconf 74' lang='lat'>28·</span> <span class='ocrx_word' id='word_1_293' title='bbox 1477 2802 1510 2831; x_wconf 74' lang='lat' dir='ltr'>et</span> <span class='ocrx_word' id='word_1_294' title='bbox 1537 2803 1616 2831; x_wconf 68' lang='lat' dir='ltr'>‘mle</span> <span class='ocrx_word' id='word_1_295' title='bbox 1642 2800 1804 2830; x_wconf 59' lang='lat' dir='ltr'>naturam</span> 
     </span>
     <span class='ocr_line' id='line_1_39' title="bbox 471 2853 993 2892; baseline 0.013 -8"><span class='ocrx_word' id='word_1_296' title='bbox 471 2853 553 2885; x_wconf 77' lang='lat' dir='ltr'>add.</span> <span class='ocrx_word' id='word_1_297' title='bbox 583 2854 620 2886; x_wconf 79' lang='lat' dir='ltr'>C.</span> <span class='ocrx_word' id='word_1_298' title='bbox 719 2860 835 2890; x_wconf 78' lang='lat' dir='ltr'>tamen</span> <span class='ocrx_word' id='word_1_299' title='bbox 863 2870 924 2892; x_wconf 79' lang='lat' dir='ltr'>om.</span> <span class='ocrx_word' id='word_1_300' title='bbox 953 2861 993 2892; x_wconf 80' lang='lat' dir='ltr'>B.</span> 
     </span>
    </p>
   </div>
  </div>
 </body>
</html>
