2035 3359
142 197 221 231 136

141 307 238 350 Cepa
264 318 295 340 v,
323 308 459 340 semina
486 308 665 340 arborum.

142 365 231 398 Cere
257 365 371 409 figura
398 370 452 399 est
470 367 666 399 essenciam
684 377 822 399 ceream
841 366 986 409 figurari

212 426 268 466 55,
297 427 351 458 10.

145 483 358 517 Coextensio
385 495 502 516 rerum
528 486 585 524 44,
612 486 666 517 27.

146 544 350 575 Concursus
388 546 514 574 nature
541 553 708 585 corporee
736 547 769 575 et
796 544 986 585 spirituum

236 602 272 633 in
300 602 414 644 capite
445 603 497 641 14,
526 603 557 633 2.

154 658 290 702 Corpus
321 671 353 693 v.
393 662 525 700 anima,
563 660 682 701 homo,
719 671 863 700 nomen,
899 661 986 703 liga-

216 721 386 750 mentum.

145 796 183 800 —
214 777 289 808 eius
321 776 499 809 elementa
525 780 607 809 sunt
636 778 786 811 materia
813 781 847 810 et
871 778 987 810 forma

215 837 246 875 6,
275 836 307 868 9.

145 913 185 917 -—
214 895 365 927 sumitur
377 895 561 937 tripliciter
577 896 634 937 36,
654 898 707 928 17.

149 972 193 976 —
222 954 330 985 occisi
356 957 518 985 cruentat
543 954 580 984 in
606 954 791 996 presencia
818 954 987 985 occisoris

224 1013 278 1053 70,
304 1013 364 1052 25,
394 1014 435 1044 71
467 1015 495 1044 1.

145 1090 190 1094 —
216 1074 355 1103 mortua
369 1076 451 1103 sunt
465 1071 667 1103 viventibus
683 1072 846 1113 graviora
862 1072 917 1112 70,
933 1073 988 1104 27.

146 1149 191 1153 —
216 1129 419 1161 viventibus
445 1129 614 1162 demersis
646 1133 786 1162 mortua
818 1140 987 1173 superna—

216 1192 293 1220 tant
321 1190 374 1228 70,
401 1189 465 1231 28,
493 1190 546 1228 71,
574 1189 627 1221 18.

147 1267 191 1271 -—
218 1248 339 1279 vivum
366 1251 401 1280 et
431 1251 609 1279 mortuum
637 1248 765 1280 dicitur
791 1247 987 1290 dupliciter,

218 1307 469 1349 participative
495 1306 551 1338 vel
576 1317 639 1348 per
665 1318 704 1339 se
733 1308 788 1347 73,
816 1308 847 1338 2.

149 1365 342 1407 Corrupcio
371 1375 403 1398 v.
431 1366 633 1407 generacio.

149 1424 302 1456 Cristus:
329 1423 372 1457 de
391 1435 431 1457 eo
452 1424 589 1456 diverse
609 1425 750 1457 hereses
768 1424 990 1467 pullularunt

219 1485 251 1523 2,
281 1485 317 1525 73
346 1485 377 1522 2,
404 1484 435 1515 9.

148 1562 192 1566 —
219 1553 356 1584 semper
392 1542 459 1573 fuit
497 1546 530 1575 et
563 1545 704 1574 creatur
742 1544 796 1581 27,
836 1543 898 1583 27,
935 1543 988 1581 28,

219 1603 280 1642 23,
307 1601 364 1641 29,
390 1602 444 1632 12.

150 1679 190 1683 -
221 1660 308 1692 deus
335 1666 369 1692 et
395 1659 500 1691 homo
528 1661 559 1700 2,
589 1662 623 1699 1,
652 1661 682 1700 2,
711 1662 746 1702 53
777 1661 831 1701 e5,
858 1661 889 1692 5.

151 1738 190 1742 -—
221 1728 370 1750 carneus
398 1719 475 1758 113,
502 1719 556 1750 20.

153 1797 198 1801 -—
225 1777 367 1819 spiritus
385 1777 461 1817 123,
476 1777 532 1818 24,
547 1776 589 1809 cf.
607 1778 719 1817 123,1
736 1776 824 1821 (bis)
846 1778 918 1816 123,
937 1778 989 1811 19.

155 1835 308 1867 Cristus:
335 1835 455 1867 anima
481 1838 514 1867 et
540 1845 668 1877 corpus
696 1835 789 1867 duae
816 1846 870 1868 res
897 1839 990 1875 sunt,

222 1894 284 1926 sed
310 1904 402 1926 unus
430 1893 565 1926 Cristus
604 1895 660 1934 34,
700 1896 736 1935 7,
774 1896 830 1935 41,
858 1895 895 1935 8,
934 1895 991 1934 49,

222 1954 263 1984 11
291 1952 375 1995 (bis)
403 1953 460 1992 85,
485 1953 548 1994 223
573 1953 628 1985 23.

152 2031 190 2035 —
221 2021 304 2043 vera
329 2020 423 2042 mors
451 2014 485 2042 et
510 2012 727 2043 resurreccio
768 2012 822 2050 69,
850 2013 913 2053 21,
949 2012 990 2044 cs.

223 2072 278 2111 70,
305 2072 335 2102 2.

154 2149 196 2152 —
225 2129 332 2161 Jesus
359 2128 494 2161 Cristus
523 2130 576 2168 11,
603 2130 656 2160 22.

151 2207 196 2212 --
224 2187 359 2220 Cristus
398 2187 505 2219 Jesus
546 2189 601 2228 29,
640 2189 700 2229 12,
744 2188 786 2220 cf.
828 2189 905 2229 118,
934 2190 991 2230 12,

228 2248 286 2286 13,
319 2247 376 2287 14,
408 2248 482 2284 109,
508 2247 566 2285 14,
596 2248 674 2286 109,
703 2248 757 2278 19.

153 2304 284 2337 Deifici
311 2316 342 2337 ν.
369 2305 522 2347 heroyci.

155 2364 279 2396 Deitas
295 2367 347 2395 est
361 2363 464 2405 plene
475 2364 576 2395 trium
588 2374 822 2406 personarum
836 2364 994 2407 quelibet

226 2423 280 2463 36,
301 2424 338 2460 7;
367 2426 419 2454 est
444 2423 484 2462 is,
511 2423 571 2465 qui
599 2428 631 2455 et
657 2423 761 2455 homo
790 2427 993 2466 assumptus

224 2482 279 2519 36,
308 2483 360 2513 10.

156 2558 195 2563 -
224 2550 293 2571 non
322 2543 374 2572 est
400 2540 530 2572 animal
558 2551 686 2583 corpus
704 2540 761 2573 vel
788 2541 994 2573 substancia

226 2600 282 2640 49,
308 2600 346 2639 6;
376 2599 419 2630 cf.
446 2600 502 2640 49,
530 2600 584 2631 18.

154 2658 357 2689 Diminucio
384 2668 416 2690 v.
443 2659 702 2699 augmentacio.

155 2716 393 2757 Diophanitas
419 2727 452 2747 v.
479 2717 588 2748 visus.

155 2774 253 2806 Deus
280 2773 375 2805 solus
402 2774 506 2806 simul
533 2778 643 2807 totum
671 2778 722 2807 est
749 2777 805 2815 86,
834 2778 888 2807 18.

156 2833 216 2864 Dii
244 2843 274 2865 v.
304 2833 433 2875 eroyci.

826 190 1053 223 GENERAL
1080 191 1243 224 INDEX.

1063 309 1284 341 Differencia
1322 309 1451 352 triplex
1488 310 1581 342 inter
1618 312 1904 355 assumpcionem

1131 368 1241 400 Verbi
1268 372 1301 400 et
1327 368 1491 401 hominis.

1061 428 1270 459 Dominium
1287 427 1482 459 humanum
1509 429 1540 468 2,
1568 429 1624 461 20.

1061 486 1222 518 Duracio
1249 497 1281 519 v.
1308 489 1458 528 tempus.

1060 568 1265 600 Embrionis
1291 568 1387 601 mille
1416 569 1648 602 existentibus
1674 570 1761 602 deus
1791 574 1909 613 potest

1132 627 1351 669 adplacitum
1370 628 1532 669 spiritum
1552 628 1720 670 copulare
1741 631 1818 669 129,
1849 631 1901 661 12.

1060 685 1236 717 Essencia
1253 686 1384 728 prima:
1410 687 1544 719 creavit
1558 686 1646 719 deus
1672 686 1762 719 duas
1788 698 1906 720 essen-

1132 745 1218 784 cias,
1245 754 1452 786 corpoream
1480 748 1514 777 et
1538 746 1784 788 incorpoream
1798 747 1854 786 24,
1873 747 1905 778 4.

1060 802 1154 834 Esus
1181 804 1372 845 sangwinis
1399 803 1607 846 prohibetur
1634 805 1687 846 72,
1717 806 1771 836 17.

1060 860 1231 893 Extensio
1259 863 1464 904 generative
1497 863 1659 904 potencie
1691 863 1728 895 in
1762 863 1906 896 homine

1132 921 1187 959 62,
1216 921 1247 952 7.

1062 978 1248 1020 Etrogenii
1274 989 1306 1011 v.
1333 979 1553 1021 homogenii.

1061 1049 1197 1090 Figura
1222 1050 1278 1089 80,
1305 1050 1369 1088 26;
1398 1050 1575 1092 quadrata
1601 1051 1657 1090 81,
1685 1052 1740 1083 16.

1062 1127 1106 1131 —-
1133 1117 1255 1139 earum
1281 1109 1504 1140 continencie
1532 1110 1587 1149 81,
1616 1110 1672 1141 24.

1062 1168 1194 1199 Forma
1237 1166 1400 1199 educitur
1444 1167 1487 1199 de
1533 1169 1723 1209 pentencia
1759 1169 1906 1201 materie

1134 1226 1276 1268 quando
1303 1225 1341 1257 fit
1360 1226 1514 1258 subiecti
1532 1226 1723 1268 disposicio
1745 1229 1823 1269 101,
1849 1228 1904 1259 26.

1063 1304 1107 1308 ——
1134 1284 1386 1316 substancialis
1407 1284 1613 1317 subsiancie
1634 1288 1686 1317 est
1700 1285 1775 1317 eius
1791 1286 1904 1328 quidi-

1133 1347 1187 1375 tas
1216 1344 1292 1382 132,
1320 1344 1376 1376 23.

1065 1413 1261 1446 Generacio
1295 1413 1352 1445 vel
1385 1414 1568 1456 corrupcio
1596 1425 1683 1456 pure
1709 1414 1904 1447 formarum

1134 1473 1189 1511 39,
1218 1474 1277 1514 10,
1305 1472 1510 1505 substancie
1537 1474 1593 1512 40,
1621 1474 1676 1506 20.

1063 1543 1180 1575 Homo
1212 1543 1509 1585 perfectissimum
1543 1543 1676 1575 animal
1712 1543 1905 1576 sublimare

1135 1604 1168 1633 et
1191 1601 1442 1643 perfectissimi
1469 1600 1613 1633 effectus
1640 1603 1699 1640 60,
1726 1603 1782 1635 21.

1064 1679 1107 1682 —
1135 1660 1249 1691 omnis
1287 1660 1354 1691 fuit
1394 1660 1430 1691 in
1467 1660 1640 1702 principio
1685 1660 1809 1692 mundi
1849 1661 1905 1700 27,

1137 1719 1194 1760 153
1225 1721 1278 1757 28,
1306 1719 1345 1760 3,
1374 1719 1428 1751 24.

1064 1795 1109 1800 -—
1134 1777 1283 1808 materia
1307 1778 1420 1819 prima
1446 1778 1501 1815 23,
1529 1778 1583 1809 16.

1064 1855 1109 1858 -
1135 1835 1276 1867 videtur
1302 1835 1399 1877 quod
1433 1838 1485 1868 est
1517 1839 1588 1868 tam
1620 1837 1769 1868 materia
1793 1837 1906 1879 prima

1137 1905 1242 1937 quam
1270 1894 1383 1926 forma
1409 1895 1655 1936 corporeitatis
1683 1897 1738 1934 19,
1765 1896 1794 1927 3,

1065 1973 1108 1977 —-
1136 1964 1265 1986 nomen
1322 1954 1398 1985 eius
1445 1955 1596 1985 sumitur
1649 1955 1683 1985 in
1734 1955 1908 1997 scriptura

1136 2012 1430 2055 quadrupliciter:
1457 2023 1520 2055 pro
1539 2013 1659 2045 anima
1678 2014 1732 2056 15,
1760 2015 1817 2056 13,
1843 2024 1906 2056 pro

1136 2082 1283 2114 corpore
1324 2073 1379 2111 16,
1417 2072 1474 2113 14,
1517 2082 1579 2114 pro
1613 2074 1743 2104 natura
1767 2072 1907 2115 integra

1139 2132 1191 2172 17,
1219 2132 1279 2171 20,
1306 2140 1370 2172 pro
1397 2141 1550 2172 persona
1576 2142 1647 2173 que
1674 2134 1727 2163 est
1748 2131 1907 2174 quelibet

1135 2190 1282 2221 istarum
1308 2189 1414 2220 trium
1444 2190 1496 2229 18,
1523 2191 1554 2222 3.

1068 2268 1108 2272 -
1136 2247 1313 2290 significat
1349 2248 1496 2280 verbum
1530 2250 1563 2280 et
1589 2247 1699 2280 alium
1726 2248 1906 2281 hominem

1136 2308 1192 2347 21,
1218 2308 1275 2338 20.

1067 2385 1108 2389 —
1138 2367 1212 2398 eius
1241 2366 1474 2408 composicio:
1502 2366 1672 2398 materiae
1697 2366 1907 2409 preciositas

1139 2427 1168 2463 1,
1196 2425 1234 2465 5;
1275 2428 1327 2456 est
1361 2424 1470 2457 clavis
1505 2424 1551 2456 ad
1584 2426 1799 2457 secreciores
1825 2426 1908 2457 arti-

1137 2483 1236 2515 culos
1263 2482 1344 2514 fidei
1367 2484 1394 2523 1,
1415 2484 1478 2523 243
1505 2483 1687 2525 praecedit
1712 2486 1905 2516 tractatum

1137 2541 1284 2574 humani
1312 2542 1460 2573 dominii
1487 2543 1519 2583 2,
1547 2543 1601 2574 19.

1069 2620 1110 2625 —-
1138 2604 1191 2633 est
1216 2601 1312 2633 basis
1339 2602 1416 2633 istis
1434 2601 1546 2632 tribus
1566 2611 1657 2643 quae
1675 2605 1758 2634 sunt
1775 2602 1905 2641 anima,

1137 2670 1265 2702 corpus
1294 2664 1326 2692 et
1352 2664 1479 2693 natura
1504 2662 1643 2703 integra
1681 2662 1712 2701 5,
1753 2661 1814 2703 253
1853 2663 1905 2701 10,

1141 2720 1199 2759 12,
1230 2720 1281 2759 11,
1310 2720 1328 2750 7
1357 2728 1418 2761 ssu,
1441 2721 1496 2759 31,
1524 2720 1567 2751 24
1594 2730 1657 2761 δελ,
1685 2720 1741 2758 33,
1768 2720 1811 2751 24
1837 2729 1901 2761 ss.;

1138 2778 1192 2816 36,
1212 2778 1249 2818 6,
1269 2778 1323 2818 85,
1349 2781 1404 2820 10,
1424 2778 1566 2810 racione
1586 2778 1702 2810 anime
1722 2777 1903 2819 memoria,

1139 2836 1247 2876 racio,
1273 2835 1438 2867 voluntas
1468 2839 1520 2877 11,
1550 2837 1602 2867 17.
