2035 3359
211 222 264 257 70
945 222 1182 255 JOHANNIS
1211 221 1397 254 wrcmr.
1667 208 1765 266 [ow.
1793 221 1842 247 [v.

507 332 722 373 deduccio
770 336 895 387 patet
940 344 995 371 ex
1040 329 1137 382 hoc,
1191 328 1311 385 quod
1360 334 1503 370 stante
1554 328 1848 370 commixione

506 402 639 444 stabit
673 408 716 443 et
748 401 905 443 anima.

211 485 491 555 ἕζιὲῗᾷοὲἰθξὴὲῑέξ
564 473 651 515 Hic
705 472 877 528 dicitur,
934 471 1053 528 quod
1099 477 1200 528 post
1251 470 1589 525 separacionem
1636 470 1780 511 anime
1825 485 1851 512 a

404 542 411 556 ⁷

211 558 490 626 prgizignssiitsseffitrts
507 559 692 601 corpore
751 542 934 597 Cristus,
995 548 1045 585 ut
1088 541 1160 584 alii
1205 541 1364 583 fratres
1413 541 1492 595 sui,
1538 556 1645 583 vere
1679 547 1722 582 et
1763 556 1851 583 non

246 629 455 695 orzgffiigrgoff
506 615 607 658 ficte
660 620 860 657 mortuus
909 619 988 668 est,
1042 628 1125 655 nec
1175 612 1303 655 obest
1348 619 1449 668 post
1496 610 1616 653 illam
1665 617 1887 655 mortem5

238 700 466 740 vegetativam
509 686 826 745 quantitativas
860 691 1010 741 partes
1050 685 1201 726 vivere
1233 684 1325 726 vita
1358 683 1613 739 vegetativa
1647 688 1722 724 aut
1755 697 1851 724 sen-

235 739 382 761 sensnm
410 735 471 760 ΜΘ
510 760 639 801 sitiva
683 756 919 799 manifesta
964 755 1206 798 secundum
1258 769 1393 812 opera
1438 752 1509 796 vel
1569 752 1755 803 occulta,
1806 759 1854 795 ut

512 843 698 886 corpora
751 833 1007 870 sanctorum
1053 832 1230 869 servata
1286 826 1459 880 integra
1516 831 1618 882 post
1665 830 1851 867 mortem

513 899 681 941 habent
713 914 738 941 a
771 899 854 940 deo
879 896 1271 955 supernaturaliter
1303 897 1390 939 vim
1414 895 1606 938 faciendi
1627 893 1852 937 miracula.

507 970 608 1013 Non
653 978 800 1013 autem
844 976 1031 1027 possunt
1086 968 1357 1011 reviviscere
1403 967 1613 1009 sensitive
1656 965 1729 1009 vel
1776 982 1854 1009 nu·
1872 978 1914 1009 10

509 1043 765 1084 trimentum
804 1055 1095 1096 reassumere,
1144 1046 1192 1082 ut
1242 1038 1383 1081 frusta
1428 1038 1847 1093 terrenascencium,

509 1119 695 1170 propter
738 1111 882 1167 legem
928 1109 1182 1153 animalium
1231 1126 1330 1153 cum
1378 1110 1466 1152 suis
1505 1108 1706 1166 partibus
1738 1107 1856 1152 ultra

509 1182 778 1239 vegetabilia
829 1181 1075 1239 regularius
1110 1180 1311 1238 limitata,
1357 1181 1477 1223 unde
1523 1195 1621 1223 cum
1668 1185 1855 1235 perante

511 1255 720 1299 vixerunt
741 1254 1017 1311 parcipative
1040 1269 1121 1309 per
1153 1252 1370 1295 influxum
1406 1252 1639 1308 spirituum
1673 1266 1698 1293 a
1721 1251 1856 1293 corde

511 1325 713 1382 regulato
760 1341 842 1382 per
880 1324 1173 1367 immortalem
1220 1324 1421 1381 spiritum
1472 1322 1767 1376 informative‚
1816 1328 1859 1364 et
1877 1334 1917 1365 15

513 1398 599 1439 iam
637 1397 935 1439 destituuntur
967 1394 1041 1437 illa
1073 1395 1177 1437 vita.

246 1490 486 1522 Exam1>1es:as
579 1469 719 1525 Patet,
768 1483 866 1510 cum
905 1466 1157 1524 quotmodis
1183 1466 1343 1508 dicitur
1372 1481 1505 1508 unum
1538 1466 1857 1522 oppositorum,

225 1527 351 1587 viiigssdss
371 1533 479 1587 {iriifg
515 1547 580 1582 tot
617 1540 778 1581 dicitur
801 1538 1035 1595 reliquum,
1070 1538 1189 1594 quod
1213 1537 1416 1580 homines
1451 1537 1588 1579 eciam
1614 1536 1857 1578 secundum

222 1597 498 1658 appssffi‘sslssrssssfhe
515 1618 666 1669 partes
699 1610 953 1666 vegetative
999 1615 1075 1651 aut
1114 1609 1322 1651 sensitive
1354 1614 1455 1665 post
1486 1608 1687 1651 viventes
1720 1608 1856 1649 veris-

517 1683 629 1725 sime
673 1682 937 1734 moriuntur,
974 1686 1016 1722 et
1050 1680 1125 1736 sic,
1176 1695 1274 1721 cum
1308 1680 1472 1722 veritas
1504 1694 1592 1722 non
1624 1684 1855 1735 repugnat,
1875 1690 1919 1721 20

515 1754 593 1797 sed
629 1758 846 1795 consonat
881 1750 1135 1793 omnimode
1164 1750 1247 1792 sibi
1281 1750 1378 1806 ipsi,
1410 1749 1672 1807 relinquitur
1711 1749 1858 1792 catho-

515 1824 600 1867 lico
648 1840 704 1866 ex
761 1824 845 1865 ista
889 1821 1174 1880 philosophia
1218 1822 1291 1865 via
1331 1820 1630 1878 cognoscendi
1677 1821 1860 1878 disposi-

518 1896 689 1937 cionem
714 1893 1020 1950 metapbisice,
1059 1908 1145 1950 qua
1175 1891 1569 1949 supernaturaliter
1591 1891 1700 1934 fiunt
1732 1892 1859 1934 mira-

518 1965 615 2008 cula
650 1972 692 2007 et
726 1979 905 2007 causam
938 1963 1184 2006 naturalem
1219 1963 1467 2017 effectuum,
1511 1964 1585 2020 qui
1618 1969 1772 2019 patent
1806 1962 1861 2005 ad

518 2036 718 2090 oculum;
754 2042 815 2092 ut,
851 2035 1075 2092 quomodo
1108 2050 1268 2092 corpus
1303 2035 1434 2078 occisi
1469 2040 1669 2077 cruentat
1701 2034 1744 2076 in
1766 2049 1863 2092 pre·
1879 2047 1922 2078 25

523 2108 673 2150 sencia
711 2107 934 2161 occisoris,
970 2107 1193 2163 quomodo
1224 2121 1414 2163 corpora
1433 2112 1606 2147 mortua
1628 2105 1863 2148 vventibus

527 2185 628 2221 sunt
681 2178 899 2233 graviora,
947 2183 990 2219 et
1044 2176 1304 2233 corporibus
1356 2176 1609 2220 viventibus
1650 2175 1864 2219 demersis

518 2255 696 2292 mortua
731 2253 1018 2305 supernatant
1052 2263 1149 2289 cum
1185 2247 1400 2289 similibus
1436 2247 1751 2304 experienciis,
1778 2262 1864 2304 que

520 2326 794 2363 concernunt
818 2334 1010 2375 corpora
1032 2325 1306 2361 mortuorum
1322 2333 1331 2373 3
1347 2319 1517 2375 primus
1543 2318 1655 2360 enim
1680 2318 1863 2360 effectus

580 2418 609 2447 1.
637 2415 793 2446 mixione
819 2415 860 2447 P.
958 2415 990 2448 2.
1018 2418 1052 2445 et
1078 2424 1140 2446 om.
1162 2413 1190 2444 B
1211 2414 1242 2445 3.
1263 2413 1359 2456 quod
1391 2424 1452 2445 om.
1480 2412 1520 2444 B.
1618 2413 1650 2444 4.
1679 2411 1784 2444 Cristi
1810 2412 1867 2445 Pr.

519 2477 550 2507 5.
577 2474 674 2506 illius
703 2473 740 2506 C.
830 2475 861 2505 9.
889 2474 1056 2505 virtutem
1085 2472 1124 2504 B.
1215 2472 1395 2504 mirabilia
1421 2473 1462 2513 B,
1488 2470 1663 2504 miracula
1701 2473 1735 2503 et
1761 2471 1869 2503 corda

523 2537 557 2565 et
584 2543 664 2565 ossa
694 2536 727 2564 et
755 2532 824 2564 alie
851 2535 970 2574 partes
999 2532 1090 2563 sicut
1122 2531 1255 2563 habent
1286 2531 1457 2563 limitatas
1482 2530 1670 2573 peryodos,
1703 2531 1754 2562 ita
1778 2530 1869 2561 limi-

520 2595 616 2625 tatur
649 2591 694 2623 ad
720 2594 865 2633 tempus
900 2590 1056 2623 faciendi
1087 2589 1260 2622 miracula
1287 2590 1370 2622 add.
1390 2589 1420 2622 A
1440 2590 1538 2622 CPr.
1639 2590 1690 2620 13.
1717 2589 1870 2621 limitata

522 2662 584 2683 om.
611 2650 669 2682 Pr.
767 2649 863 2682 unde
889 2650 928 2682 A.
1031 2651 1083 2682 14.
1112 2659 1133 2681 a
1170 2658 1316 2691 corpore
1349 2648 1407 2680 Pr.
1509 2649 1561 2680 16.
1588 2647 1651 2679 illa
1680 2648 1714 2679 in
1744 2657 1786 2680 ea
1811 2647 1868 2679 Pr.

525 2710 577 2740 18.
594 2711 627 2741 et
642 2708 821 2750 reliquum
837 2708 875 2742 C.
979 2709 1034 2741 20.
1053 2708 1208 2740 vericato
1225 2708 1282 2739 Pr.
1381 2708 1435 2739 21.
1454 2708 1508 2739 22.
1524 2706 1738 2748 relinquitur
1770 2707 1870 2739 aliaco

526 2769 599 2800 (sic)
628 2768 685 2809 Pr,
713 2778 755 2799 ex
781 2767 849 2798 ista
872 2785 911 2790 -«
940 2777 1010 2809 qua
1038 2778 1100 2799 om.
1130 2766 1166 2798 C.
1254 2768 1310 2799 24.
1330 2765 1529 2798 effectivam
1555 2766 1612 2798 Pr.
1702 2768 1756 2798 26.
1777 2766 1867 2798 ocei-

523 2837 582 2858 sus
609 2825 651 2867 A,
678 2830 843 2858 mortuua
872 2827 946 2867 (sic)
975 2826 1015 2867 P,
1042 2829 1259 2858 mortuorum
1287 2826 1343 2857 Pr.
1431 2826 1484 2858 28.
1513 2834 1622 2857 causa
1643 2835 1712 2866 pro
1731 2834 1810 2856 cum
1829 2824 1868 2858 P.

524 2888 740 2918 concernunt
766 2897 817 2917 om
857 2885 986 2917 lacuna
1013 2885 1135 2917 relicta
1162 2885 1199 2916 (¹.
