2035 3359
195 244 277 270 cm.
300 232 371 290 vr]
538 245 603 277 DE
637 244 993 277 COMPOSIOEONE
1018 244 1231 277 H0M1N1s.

1746 237 1824 274 105

196 357 307 394 tates
353 356 523 393 vestras
563 350 700 393 odivit
738 350 880 392 anima
931 350 1061 405 mea3’
1124 349 1195 393 vel
1242 356 1431 392 creatam
1477 365 1531 391 ex
1559 360 1806 395 uncreatedlife,

1600 393 1652 419 life
1673 396 1706 420 of
1722 395 1772 420 the

198 423 295 475 hoc,
330 421 399 463 vel
433 419 714 476 spiritualem,
740 428 785 462 ut
816 427 881 462 est
909 422 998 464 vita
1031 420 1175 476 angeli
1204 427 1246 462 et
1276 427 1324 461 ut
1356 420 1531 475 spiritus
1565 428 1688 455 created
1709 430 1806 464 spirit,

197 492 383 534 hominis
407 491 609 548 separati,
632 490 704 533 vel
726 493 859 533 tercio
883 492 1017 534 vitam
1042 490 1327 549 corporalem,
1361 497 1407 533 ut
1440 505 1530 532 cre-

197 562 317 603 brius
349 562 392 601 in
415 561 633 618 scriptura
659 561 920 617 exprimitur
942 561 1072 604 homo
1104 577 1184 618 per
1207 562 1407 614 animam,
1442 576 1527 616 que

162 641 181 672 5
199 638 264 673 est
295 632 386 674 vita
409 631 663 687 corporalis,
687 637 734 672 ut
752 630 860 672 Gen.
884 631 979 685 XL,
1004 633 1114 674 sicut
1136 647 1279 688 supra.
1305 630 1533 673 ‘Tulerunt

198 702 360 743 animas
408 701 500 743 etc.'
536 707 578 742 et
609 701 687 744 Mt.
744 700 966 743 ‘Defuncti
1011 708 1123 756 sunt,
1171 703 1243 759 qui
1289 701 1531 758 querebant

198 772 383 813 animam
432 770 586 827 pueri'.
647 771 741 812 Nec
773 771 865 813 sine
915 772 1103 814 notando
1148 773 1342 815 misterio
1395 773 1531 815 utitur

198 843 412 899 scriptura
463 842 556 883 istis
605 840 892 894 sermonibus,
939 856 1038 883 cum
1070 857 1150 898 per
1189 842 1271 884 hoc
1305 843 1527 898 docemur,

199 912 316 969 quod
364 912 505 953 anima
554 917 596 953 et
640 912 930 967 compositum
981 918 1080 953 sunt
1124 912 1278 954 eadem
1330 914 1528 955 essencia

142 982 267 1025 lovel
307 997 496 1039 persona
526 988 568 1024 et
591 982 814 1036 docemur,
852 982 907 1023 ad
931 997 1061 1038 quam
1094 983 1356 1025 sentenciam
1390 984 1530 1040 prima

196 1053 412 1109 scriptura
456 1060 520 1094 est
557 1052 762 1106 aptanda.
796 1051 910 1093 Illud
945 1058 1091 1094 autem
1124 1054 1377 1109 quesierunt
1397 1054 1528 1096 Judei

197 1123 250 1165 de
284 1122 440 1178 Oristo,
492 1123 565 1179 qui
597 1121 832 1165 voluerunt
864 1123 1144 1178 extingwere,
1180 1124 1299 1180 quod
1331 1138 1416 1165 non
1448 1125 1529 1167 fuit

195 1193 237 1234 in
268 1198 426 1234 natura
471 1208 684 1249 corporea
715 1207 794 1234 nec
826 1208 970 1234 massa
1006 1193 1133 1246 facta,
1168 1193 1439 1236 descendens
1472 1196 1527 1237 de

197 1262 406 1318 patribus.
453 1263 565 1304 Nam
590 1263 706 1305 idem
724 1262 958 1304 voluerunt
981 1278 1177 1305 servasse
1193 1265 1236 1305 in
1259 1264 1424 1306 tumulo
1442 1280 1528 1307 non

140 1340 181 1372 15
196 1332 398 1387 furatum,
444 1333 522 1375 Mt.
547 1332 712 1389 ultimo,
748 1348 829 1374 nec
850 1332 970 1374 illum
995 1339 1190 1375 creatum
1215 1335 1428 1391 spiritum,
1454 1336 1527 1393 qui

198 1403 423 1445 descendit
453 1403 508 1444 ad
530 1402 709 1457 inferos,
745 1416 842 1444 cum
864 1418 951 1445 non
973 1410 1211 1459 potuerunt
1234 1405 1376 1460 ipsum
1400 1406 1522 1448 attin-

197 1487 315 1529 gere,
335 1473 414 1514 sed
435 1472 622 1514 animam
641 1480 682 1515 et
705 1472 1020 1515 animacionem
1040 1474 1144 1528 eius,
1166 1489 1250 1530 que
1268 1481 1310 1517 et
1324 1475 1415 1517 vita
1431 1490 1521 1517 cor-

196 1543 358 1599 poralis
381 1543 539 1585 dicitur
564 1542 877 1600 principaliter,
897 1543 1164 1599 quesierunt,
1195 1560 1323 1600 quam
1350 1545 1525 1588 demum

199 1629 254 1655 ex
300 1614 616 1670 procuracione
671 1614 920 1656 exterminii
963 1614 1176 1656 tradentis
1223 1615 1520 1658 extinxerunt.

138 1689 180 1721 20
255 1683 444 1740 Spiritus
480 1690 626 1726 autem
659 1684 962 1741 multipliciter
995 1685 1179 1726 sumitur
1211 1685 1253 1726 in
1286 1686 1517 1741 scriptura,

196 1760 244 1796 ut
292 1753 478 1810 pulchre
524 1754 654 1796 docet
699 1752 972 1809 Augustinus
1023 1758 1094 1794 120
1137 1755 1191 1796 ad
1237 1755 1524 1797 Pascencium

198 1825 454 1880 episcopum
490 1822 718 1865 Arianum.
767 1824 908 1877 ‘Hoc'‚
956 1825 1106 1880 inquit,
1153 1839 1310 1867 nomen
1346 1825 1524 1882 spiritus

198 1909 283 1936 non
317 1893 457 1935 solum
491 1894 650 1936 dicitur
683 1894 927 1936 secundum
954 1893 1075 1949 illud,
1109 1895 1225 1951 quod
1258 1896 1526 1951 significatur

383 2013 413 2043 5.
454 2010 539 2044 Gen.
571 2013 621 2051 12,
658 2015 680 2043 5
713 2011 889 2054 (Talitque
921 2011 1031 2044 Sarac·
1068 2023 1210 2046 umorem
1242 2025 1352 2054 suam,
1384 2019 1414 2047 et
1447 2011 1516 2048 Lot

284 2070 400 2111 filiam
429 2069 565 2110 fratris
603 2071 660 2101 sui
681 2094 689 2102 .
710 2094 717 2102 .
737 2096 743 2103 .
764 2094 772 2103 .
805 2075 834 2103 et
860 2072 1008 2111 animas,
1042 2084 1129 2113 qua&
1145 2072 1311 2113 fecerant
1334 2075 1372 2105 in
1397 2072 1523 2116 Aram)

284 2128 329 2169 cf.
375 2140 488 2170 supra
515 2140 586 2171 Fas]
616 2130 673 2169 62,
702 2129 760 2160 lin.
776 2129 826 2160 12.
901 2132 930 2163 6.
966 2129 1089 2163 Matth.
1117 2132 1148 2170 2,
1186 2132 1255 2173 20,·
1301 2137 1382 2164 sunt
1425 2134 1514 2165 enim

285 2189 344 2228 qm*
376 2187 470 2229 Vulss.
568 2188 620 2218 15.
648 2187 767 2220 Mattlz.
796 2189 857 2228 28,
891 2190 941 2220 13.
1044 2191 1095 2220 19.
1121 2187 1270 2222 Sensus:
1305 2201 1408 2231 quam
1435 2191 1518 2230 (scil.

283 2247 399 2285 vitam,
438 2246 605 2286 animam)
646 2245 780 2278 demum
812 2258 833 2277 α
861 2252 1093 2287 procuratore
1130 2249 1329 2280 exterminio
1371 2249 1515 2289 (eoesilio)

286 2304 453 2336 traditam
478 2306 674 2346 extinguere
696 2309 894 2345 potuerunt.
991 2307 1044 2337 21.
1071 2306 1159 2348 Aug.
1180 2317 1232 2348 ep.
1259 2306 1314 2339 ad.
1340 2307 1493 2342 Pascent

284 2362 318 2394 II
345 2365 396 2394 15.
427 2362 559 2404 (Miyne
589 2362 770 2394 XXXIII
793 2365 881 2396 1043
906 2365 970 2405 sq.)
997 2383 1038 2387 —
1067 2364 1159 2396 Nam
1183 2364 1244 2397 hoc
1269 2377 1401 2407 nomen,
1429 2369 1520 2410 qwod

284 2422 432 2462 spiritus
457 2421 587 2453 dicitur
612 2446 618 2453 .
640 2446 646 2454 .
667 2447 674 2454 .
707 2422 803 2461 Quae
828 2428 1022 2464 sequuntur
1046 2424 1144 2455 varie
1168 2425 1351 2458 immutata
1376 2431 1466 2459 sunt.

240 2528 268 2558 1.
296 2526 325 2557 si
336 2531 415 2567 post
430 2525 486 2558 vel
501 2525 583 2558 (aelel.
600 2526 637 2557 B.
690 2527 720 2558 5.
738 2528 893 2568 corporis
909 2528 936 2559 B
953 2527 979 2559 C
1000 2528 1058 2560 Pr.
1111 2531 1162 2561 10.
1178 2531 1218 2560 ut
1231 2529 1403 2562 docentur
1415 2531 1444 2562 B
1458 2531 1515 2564 Pr.

194 2586 245 2617 11.
266 2585 474 2626 scripturam
493 2585 607 2626 prima
628 2586 809 2617 sentencia
828 2586 855 2617 B
874 2585 899 2617 C
915 2586 942 2617 P
957 2587 1013 2618 Pr.
1064 2590 1124 2618 aut
1143 2587 1181 2619 Av
1235 2589 1288 2620 12.
1308 2589 1341 2618 in
1357 2594 1438 2629 post
1454 2589 1520 2622 fuit

191 2642 277 2674 add.
304 2643 331 2673 B
349 2643 374 2673 C
390 2643 417 2673 P
432 2643 488 2675 Pr.
554 2645 604 2675 13.
625 2646 659 2675 et
671 2655 739 2684 pro
759 2655 822 2675 nec
840 2644 878 2685 A,
898 2648 936 2676 ut
954 2644 991 2676 C.
1086 2647 1138 2676 17.
1157 2656 1261 2687 quam
1277 2649 1467 2679 extremum
1487 2651 1521 2681 et

191 2700 363 2733 trudentis
379 2712 447 2742 pro
466 2712 533 2743 que
555 2705 606 2732 est
624 2702 662 2741 P,
682 2702 725 2742 ‹f.
745 2702 846 2742 infra
865 2704 925 2736 ἶίη.
946 2706 997 2736 19.
1113 2704 1222 2735 vitam
1241 2705 1457 2746 corporalem
1476 2706 1516 2747 A,

199 2759 329 2790 dsscissur
349 2771 410 2791 om.
435 2760 472 2791 A.
550 2762 600 2793 19,
623 2771 662 2791 cx
681 2772 742 2792 om.
763 2761 801 2793 P.
876 2763 1072 2794 exterminii
1091 2774 1152 2794 om.
1170 2763 1248 2803 ΑΡ,
1275 2765 1437 2796 extremis
1456 2764 1512 2804 Pr,

188 2829 276 2850 corr.
303 2830 334 2850 α.
354 2829 397 2851 m.
509 2819 564 2851 21.
592 2819 738 2861 pulchre
765 2831 826 2852 om.
854 2820 891 2852 C.
1020 2822 1074 2853 22.
1102 2821 1323 2853 Felicianum
1359 2823 1515 2864 episcum

190 2880 324 2908 ateram
351 2875 391 2917 A,
444 2880 634 2909 actualium
663 2877 688 2908 O
706 2878 758 2918 Pr,
809 2880 1004 2910 actrIanum
1032 2879 1070 2919 Ρ,
1097 2884 1292 2911 autuauum
1319 2881 1355 2913 B.

1591 464 1695 499 bodily
1715 465 1778 490 lise.

1600 1707 1752 1733 Different

1575 1743 1729 1773 meanings
1751 1743 1783 1768 of

1619 1777 1726 1809 ‘spirit'
1732 1797 1738 1803 .
