2035 3359
183 241 263 266 CAP.
292 228 359 288 1v.]
507 241 573 274 DE
601 241 960 275 COMPosmmNE
988 242 1200 275 HOMINIS.

182 346 267 389 mal
298 346 554 402 perfectum,
591 362 688 389 cum
722 347 802 389 sibi
827 347 963 389 simile
988 353 1135 403 potest
1165 348 1426 403 producere,
1458 352 1506 386 ut

182 417 341 459 animal
374 424 439 459 est
471 418 533 459 sic
569 418 815 474 perfectum
848 419 891 460 in
924 419 1068 460 media
1100 424 1227 472 etate,
1270 424 1313 460 et
1343 432 1430 459 non
1462 418 1505 457 in

183 487 322 529 altera
360 493 670 530 extremarum.
710 487 841 529 Unde
876 491 920 526 20
953 488 1009 529 de
1050 489 1194 529 anima
1227 488 1506 530 commendat

183 557 479 613 Philosophus
524 557 732 599 virtutem
780 559 1075 612 generativam
1131 557 1246 599 ultra
1300 572 1505 612 augmen-

149 627 363 668 5tativam
397 642 462 680 eo,
505 627 621 683 quod
661 628 916 681 generativa
949 628 1110 670 diutius
1144 634 1377 670 conservat
1410 643 1506 684 spe-

185 697 293 737 ciem
310 696 592 753 producendo
609 711 771 739 novum
788 697 1059 739 individuum
1077 697 1288 751 animalis3
1302 713 1505 752 augmen-

184 767 321 809 tativa
366 781 470 808 vero
525 766 664 808 solum
699 774 933 810 conservat
979 768 1255 810 individuum
1289 769 1373 809 iam
1411 781 1507 824 pro-

187 837 378 878 ductum.
433 836 503 878 Ex
549 837 640 879 istis
689 838 877 891 videtur,
928 853 1024 880 cum
1063 838 1192 880 bruta
1230 839 1370 881 minus
1411 854 1507 894 pcr-

184 906 297 948 fecta
330 906 552 949 sufficiunt
583 906 698 949 ultra
730 908 966 949 inanimata
999 908 1081 949 sibi
1111 908 1268 950 similia
1290 910 1331 950 in
1354 916 1510 951 natura

130 976 447 1032 loproducere‚
502 977 637 1019 multo
686 978 825 1033 magis
870 978 1016 1032 homo,
1072 993 1335 1034 quocunque
1379 979 1507 1021 bruto

185 1046 449 1101 perfeccior;
484 1048 560 1089 sed
594 1047 677 1089 heo
712 1054 836 1090 sonat
869 1048 1093 1090 sentencia
1127 1048 1434 1105 philosophica
1468 1056 1510 1091 et

187 1116 418 1171 catholica,
454 1133 539 1174 que
572 1119 682 1160 texit
714 1118 996 1173 genealoyias
1020 1118 1245 1161 hominum
1269 1120 1509 1161 seeundum

187 1187 367 1228 effectus
414 1194 456 1229 et
503 1187 654 1230 ordine
703 1189 958 1243 generative
1000 1190 1215 1244 potencie,
1263 1204 1347 1246 que
1386 1189 1511 1231 aliter

186 1257 409 1312 superflua
440 1258 554 1300 foret
585 1260 627 1299 in
660 1259 847 1300 homine.
884 1258 969 1300 Sed
1006 1274 1104 1301 cum
1137 1261 1393 1315 generativa
1426 1266 1509 1301 ter-

131 1329 374 1369 15minatur
425 1329 479 1370 ad
532 1329 729 1382 formam,
793 1345 877 1386 que
931 1336 995 1371 est
1047 1329 1414 1386 complementum
1470 1337 1512 1372 et

188 1399 377 1455 qui‹litas
431 1401 640 1455 generati,
700 1401 908 1457 sequitur,
977 1401 1092 1456 quod
1145 1402 1209 1443 vis
1259 1402 1512 1456 generativa

188 1469 372 1511 hominis
406 1469 565 1511 sufficit
595 1471 647 1511 ad
673 1470 755 1511 hec
777 1486 822 1512 sc
848 1471 1101 1525 extendere,
1126 1472 1237 1512 sicut
1260 1471 1512 1526 generativa

190 1539 385 1581 brutalis.

282 1715 341 1748 καὶ
371 1713 543 1759 ἐκπέμπει
567 1716 704 1760 θύραζε
738 1713 865 1759 ὅμοιον
894 1714 1025 1762 ἑαυτῷ,
1059 1713 1138 1750 οἷον
1169 1713 1237 1749 ὅσα
1269 1717 1441 1761 ζῳοτοκεῖ
1465 1715 1515 1755 εἷς

282 1773 501 1818 τούμφανὲς,
540 1773 583 1807 τὰ
615 1774 646 1807 δ’
661 1774 921 1818 ἀδιάρθρωτον
953 1773 1101 1808 ἕκτίκτει.
1131 1774 1190 1808 καὶ
1223 1774 1287 1808 οὐκ
1314 1774 1516 1819 ἀπειληφὼς

282 1832 347 1875 τὴν
372 1832 486 1866 αὑτοῦ
505 1831 653 1877 μορφὴν
656 1859 773 1866 .....
796 1835 895 1865 Τῶν
919 1832 1029 1872 δἐἷς
1055 1831 1100 1866 τὸ
1128 1831 1328 1877 φανερὸν
1354 1834 1516 1877 ὕμοιον

282 1891 626 1926 ἀποτελούντων
651 1893 764 1937 ζῷον
789 1891 862 1924 καὶ
881 1892 1233 1936 ζῳοτοκούντων
1258 1891 1384 1935 τὰμὲν
1402 1892 1516 1930 εὐθύς

282 1948 320 1982 ἐν
338 1950 464 1990 αὐτοῖς
488 1952 670 1996 ζῳοτοκεῖ,
697 1947 775 1984 οἷον
797 1950 998 1994 ἄνθρωπος
1015 1949 1074 1983 καὶ»
1099 1949 1210 1989 ἵππος
1234 1949 1294 1983 καὶ
1319 1951 1407 1995 βοῦς
1425 1977 1432 1983 .
1453 1977 1459 1982 .
1480 1977 1486 1982 .
1507 1976 1514 1982 .

284 2008 325 2041 τὰ
344 2007 423 2042 δ’ἐν
437 2009 562 2048 αὐτοῖς
577 2009 836 2054 ᾠοτοκήσαντα
851 2012 998 2052 πρῶτον
1013 2009 1108 2041 οὕτω
1123 2010 1296 2054 ζῳοτοκεῖ
1306 2010 1514 2053 θύραζε....

328 2069 431 2102 Arist.
455 2069 497 2101 de
517 2079 572 2101 an.
587 2070 621 2101 11
636 2070 668 2110 4,
687 2070 728 2101 13
750 2069 815 2109 (ed.
831 2068 948 2100 Paris„
966 2069 1029 2100 III
1040 2071 1122 2108 450,
1142 2072 1191 2101 16
1209 2080 1266 2111 8⁵²7
1285 2069 1388 2101 Bielzl
1405 2071 1464 2108 43,
1478 2071 1516 2110 3⁸)

282 2127 387 2159 ”Ean
413 2127 444 2159 δ’
458 2125 582 2170 ἕτερον
598 2130 717 2171 τροφῇ
735 2126 794 2159 καὶ
816 2126 996 2171 αὑξητικῷ
1018 2122 1124 2159 εἶναι·
1151 2122 1175 2172 ᾗ
1192 2126 1257 2170 μὲν
1273 2125 1339 2171 γὰρ
1365 2125 1517 2159 ποσόντιι

284 2184 325 2218 τὸ
352 2184 514 2230 ἔμψυχον
531 2183 736 2228 αὐξητικὸν,
766 2181 789 2230 ᾖ
814 2183 955 2218 δὲτάδε
972 2197 1005 2217 τι
1023 2183 1082 2218 καὶ
1110 2184 1226 2228 οὐσία,
1253 2184 1384 2228 τροφή.
1412 2185 1516 2229 σῴζει

284 2243 350 2288 γὰρ
370 2243 435 2286 τὴν
453 2243 581 2277 οὐσίαν
606 2243 666 2276 καὶ
690 2243 790 2288 μέχρι
808 2244 940 2276 τούτου
966 2241 1062 2276 ἐστὶν
1080 2242 1149 2282 ἕως
1167 2242 1212 2275 ἂν
1237 2242 1297 2276 καὶ
1323 2242 1514 2287 τρέφηται--

288 2301 347 2335 καὶ
364 2302 538 2345 γενέσεως
555 2299 744 2345 ποιητικὸν
764 2301 806 2335 οὐ
825 2305 889 2334 τοῦ
908 2302 1146 2345 τρεφομένου,
1173 2301 1244 2334 ἀλλ’
1271 2298 1350 2335 οἷον
1375 2299 1415 2334 τὸ
1440 2314 1516 2346 τρε-

287 2359 464 2404 φόμενον·
492 2360 563 2404 ἤδη
587 2360 654 2404 γάρ
673 2358 770 2393 ἐστιν
795 2359 886 2402 αὐτὴ
913 2358 934 2403 ἡ
962 2359 1079 2403 οὐσία,
1104 2361 1210 2405 γεννᾷ
1242 2360 1402 2393 δὀὐθεν
1427 2360 1517 2393 αὐτὸ

286 2416 406 2462 «ἑαυτὸ,
422 2418 507 2452 ἀλλὰ
523 2418 622 2460 σώζει
636 2431 642 2437 ·
660 2418 751 2451 ὥσθ’
770 2417 788 2461 ἡ
806 2418 871 2462 μὲν
890 2419 1038 2461 τοιαύτη
1054 2422 1116 2462 τῆς
1129 2423 1246 2463 ψυχῆς
1259 2418 1348 2463 ἀρχὴ
1367 2419 1519 2462 δύναμίς

287 2475 357 2510 ἐστι
366 2491 394 2521 ν,
434 2478 493 2511 οἵα
525 2478 651 2519 σώζειν
676 2477 716 2510 τὸ
755 2477 836 2522 ἔχον
867 2476 991 2520 αὐτὴν,
1021 2474 1043 2523 ᾖ
1069 2481 1247 2521 τοιοῦτον,
1284 2473 1307 2524 ᾖ
1333 2477 1371 2511 δὲ
1399 2477 1517 2521 τροφὴ

289 2536 551 2580 παρασκευάζει,
569 2534 737 2581 ἐνεργεῖν·
758 2534 815 2569 ὁίὸ
835 2536 1012 2580 στερηθὲν
1030 2540 1170 2579 τροφῆς
1188 2535 1230 2569 οὐ
1249 2536 1401 2569 δύναται
1415 2532 1517 2569 εἶναι.

257 2693 286 2722 1.
313 2691 366 2723 vc]
396 2691 423 2722 13
441 2691 522 2723 ΟΡ.
644 2693 673 2722 3.
704 2694 935 2722 extremorum
968 2691 1006 2722 P.
1129 2692 1159 2721 6.
1188 2690 1320 2721 animal
1352 2700 1518 2730 augmen—

196 2750 288 2780 tacio
323 2749 362 2780 B.
482 2751 513 2782 8.
550 2750 616 2780 hiis
643 2750 683 2780 B.
780 2751 810 2780 f).
845 2749 960 2780 simile
986 2749 1025 2780 Β.
1148 2750 1201 2780 10.
1234 2750 1447 2790 quicumque
1480 2749 1519 2779 B.

199 2809 252 2838 11.
279 2818 367 2839 sana
393 2809 420 2838 R
437 2809 475 2840 P.
597 2810 650 2839 12.
678 2812 711 2839 ct
744 2809 917 2848 scriptura
950 2808 1123 2838 canonica
1154 2807 1209 2838 Pr.
1330 2809 1455 2839 texerit
1480 2808 1519 2840 A.

200 2867 252 2897 13.
280 2865 420 2898 ordines
448 2867 473 2897 Β
491 2866 517 2897 C
533 2867 559 2897 P
575 2867 631 2897 Pr.

1741 225 1792 264 61
