2035 3359
200 237 282 263 GAP.
304 223 374 282 HL]
525 238 591 268 DE
618 236 977 269 COMPOSICIONE
1003 237 1219 269 Hominis.

197 344 385 386 mixione
419 343 731 385 elementorum
764 344 817 385 ad
840 344 1037 386 invicem.
1073 343 1159 385 Sed
1184 350 1364 397 constat,
1397 344 1512 398 quod

197 420 296 470 post
325 419 510 455 mortem
534 420 709 455 manent
741 413 970 469 qualitates
1003 421 1089 456 tam
1120 415 1258 470 prime
1287 429 1415 469 quam
1449 429 1512 455 se-

198 484 353 538 cunde,
378 483 695 540 queinfuerunt
711 485 897 540 corpori,
923 484 1095 539 quando
1118 484 1238 526 vixit.
1263 482 1396 539 ErgO,
1417 499 1513 525 cum

198 554 448 596 accidencia
490 568 576 595 non
621 560 802 608 possunt
833 569 1010 596 manere
1044 555 1134 595 sine
1167 555 1308 610 prima
1346 568 1514 610 perma-

163 625 350 667 sneneia
394 622 698 666 substancialis
741 624 894 678 forme,
940 624 1151 679 sequitur,
1196 623 1313 680 quod
1360 623 1514 665 eadem

197 694 339 736 forma
383 693 700 750 substancialis,
747 709 830 751 que
875 695 1032 736 mansit
1070 695 1111 735 in
1165 709 1348 750 corpore
1399 694 1516 744 vivo,

199 771 345 806 manet
387 765 442 806 ad
487 770 659 821 tempus
704 765 746 805 in
793 779 980 821 corpore
1024 771 1215 818 mortuo3
1250 764 1325 807 sed
1360 770 1403 805 et
1435 764 1517 805 hoc

201 840 411 876 consonat
443 834 545 876 fidei
576 840 723 876 nostre
756 835 810 876 de
844 850 1026 891 corpore
1061 834 1202 888 Cristi,
1239 834 1354 890 quod
1388 835 1518 876 iacuit

199 905 242 946 in
290 904 510 960 sepulcro,
556 911 598 947 et
643 911 853 946 consonat
898 906 1200 961 experimento
1241 904 1432 947 sensibili
1466 905 1518 946 de

143 990 185 1020 10
201 974 403 1017 carnibus
439 981 480 1017 et
518 974 612 1016 aliis
651 974 849 1031 partibus
894 974 1176 1030 homogeneis
1221 974 1444 1016 hominum
1478 981 1520 1016 et

199 1045 442 1098 brutorum,
477 1060 561 1102 que
594 1051 694 1101 post
725 1051 909 1086 mortem
935 1051 976 1086 et
999 1051 1097 1086 ante
1126 1044 1330 1086 videntur
1353 1044 1518 1086 confor-

201 1116 328 1157 miter
359 1116 589 1157 immutare
614 1114 805 1170 singulos
830 1130 981 1156 sensus
1014 1121 1199 1156 nostros.
1230 1114 1351 1169 Ideo,
1386 1129 1518 1170 quan-

200 1192 293 1227 tum
324 1200 403 1228 nos
448 1200 678 1242 possumus
713 1186 970 1227 convincere
1004 1185 1056 1226 de
1099 1184 1248 1226 formis
1289 1184 1520 1226 materiali-

200 1255 295 1311 bus,
341 1256 480 1298 forme
515 1256 710 1312 parcium
743 1255 971 1297 brutorum
1006 1261 1049 1296 et
1092 1254 1316 1296 hominum
1350 1261 1448 1297 sunt
1480 1256 1521 1295 in

146 1341 186 1372 15
203 1326 349 1382 specie
384 1325 643 1368 consimiles.

260 1396 455 1438 Ulterius
489 1403 696 1453 quantum
727 1397 782 1438 ad
815 1396 1221 1452 augmentacionem
1256 1402 1298 1437 et
1330 1396 1523 1437 deminu-

204 1467 369 1509 cionem
401 1468 597 1523 corporis
622 1467 856 1509 materialis
881 1473 1015 1524 patet,
1041 1466 1155 1523 quod
1181 1466 1362 1508 materia
1385 1467 1524 1522 prima

203 1552 288 1579 non
331 1543 477 1593 potest
520 1538 672 1593 augeri
716 1536 786 1579 vel
832 1538 965 1578 minui
1011 1554 1107 1579 cum
1153 1538 1346 1579 adventu
1385 1538 1523 1579 cuius-

205 1623 376 1663 cunque
415 1608 687 1650 advenientis
721 1608 811 1650 sive
844 1623 958 1649 nova
989 1609 1183 1662 materia,
1220 1615 1273 1663 et,
1308 1623 1406 1649 cum
1439 1622 1524 1649 non

145 1693 189 1723 20
205 1678 258 1719 sit
290 1678 444 1734 activa,
484 1693 568 1719 non
601 1684 746 1734 potest
779 1677 1030 1720 alimentum
1060 1678 1292 1732 attrahere,
1327 1678 1525 1734 digerere

203 1747 275 1789 vel
307 1746 561 1790 assimilare.
596 1747 766 1789 Scimus
789 1754 948 1803 tamen,
984 1749 1101 1804 quod
1130 1755 1277 1805 partes
1311 1749 1525 1805 quantita-

205 1818 292 1860 tive
314 1817 515 1873 hominis,
550 1818 659 1859 sicut
683 1824 782 1859 sunt
803 1819 967 1860 motive
996 1818 1182 1860 hominis
1215 1820 1272 1860 ad
1306 1819 1525 1873 deorsum,

205 1889 264 1929 ita
296 1893 396 1929 sunt
428 1888 693 1930 sensibiliter
724 1889 965 1945 appetitive
999 1896 1041 1931 et
1073 1889 1265 1932 alimenti
1299 1890 1526 1944 digestive,

207 1963 253 1999 ut
296 1964 417 2014 patet
463 1959 516 2000 de
561 1957 807 2012 stomacho,
852 1972 950 2014 non,
997 1960 1115 2015 quod
1160 1960 1298 2002 virtus
1342 1959 1528 2001 membri

148 2044 190 2073 25
210 2028 426 2083 digestiva
457 2029 560 2070 facit
594 2029 647 2070 de
680 2028 886 2070 alimento
919 2029 1038 2071 nuda
1070 2030 1296 2071 materiam
1330 2031 1527 2086 primam,

209 2113 308 2139 cum
353 2097 565 2154 simplicia
607 2114 693 2140 non
738 2100 944 2155 nutriunt,
991 2100 1068 2141 sed
1115 2100 1169 2141 de
1203 2100 1300 2142 cibo
1342 2107 1383 2142 et
1423 2106 1529 2156 potu

208 2168 371 2209 faciunt
425 2168 655 2224 cambium,
707 2184 849 2210 rorem
897 2176 938 2211 et
987 2169 1214 2225 glutinum,
1260 2172 1528 2225 sanguinem,

210 2239 385 2293 spiritus
418 2244 460 2280 et
498 2238 715 2292 humores,
764 2246 810 2280 ut
843 2246 1008 2295 ponunt
1048 2239 1313 2296 philosophi,
1360 2247 1401 2282 et
1434 2248 1532 2296 post

210 2314 500 2349 transmutant
532 2309 573 2349 in
607 2309 803 2350 membra
836 2308 975 2350 solida
1000 2309 1238 2365 disparium
1264 2311 1529 2366 specierum,

270 2464 300 2493 ⁶2.
328 2464 475 2494 mortem
508 2474 569 2494 om.
596 2462 624 2493 Β
642 2462 679 2495 C.
789 2465 819 2494 3.
853 2462 993 2504 quando
1026 2463 1061 2493 in
1087 2462 1227 2494 fuerant
1252 2463 1291 2494 A.
1400 2465 1431 2494 4.
1458 2474 1533 2504 per-

212 2531 355 2552 manere
371 2521 397 2551 l'
412 2521 469 2552 Pr.
555 2523 585 2553 6.
601 2520 659 2552 vel
675 2531 742 2562 que
762 2521 791 2551 B
807 2520 832 2552 C
847 2521 887 2555 Ρ.
975 2523 1004 2552 7.
1032 2520 1127 2562 quod
1138 2533 1206 2562 pro
1222 2521 1284 2553 sed
1300 2525 1333 2553 et
1350 2521 1417 2552 hoc
1436 2521 1462 2552 P
1477 2521 1534 2552 Pr.

214 2580 266 2610 12.
295 2589 417 2610 omnes
439 2591 507 2620 pro
534 2579 694 2621 singulos
720 2579 759 2611 A.
859 2581 911 2611 14.
939 2583 973 2611 et
994 2591 1054 2611 om.
1076 2580 1102 2610 Β
1120 2579 1160 2611 C.
1260 2582 1312 2612 17.
1339 2579 1444 2611 realis
1468 2591 1536 2620 pro

213 2637 406 2668 materialis
432 2637 472 2679 P,
511 2637 677 2669 animalis
703 2637 743 2679 A,
784 2642 817 2670 et
851 2638 1014 2669 animalis
1041 2638 1081 2670 P.
1228 2639 1277 2670 18.
1313 2639 1536 2680 augmentari

214 2698 274 2726 aut
293 2694 320 2726 C
334 2695 362 2726 P
377 2696 434 2727 Pr.
532 2697 586 2728 ⁶21.
607 2697 698 2727 enim
716 2697 744 2727 B
760 2697 786 2728 P
802 2697 859 2729 Pr.
956 2699 1010 2729 22.
1031 2696 1075 2728 ad
1094 2709 1155 2729 om.
1176 2698 1215 2730 B.
1312 2699 1367 2729 ⁵23.
1386 2697 1536 2728 assensi-

213 2753 331 2784 bilitcr
357 2754 384 2784 P
400 2754 455 2785 Pr.
577 2757 630 2786 24.
658 2766 728 2786 non
760 2758 798 2786 ut
829 2756 939 2786 virtus
966 2756 993 2786 P
1009 2755 1065 2787 Pr.
1164 2756 1359 2787 membrum
1389 2755 1417 2786 Β
1434 2756 1460 2786 P
1479 2755 1535 2786 Pr.

215 2813 268 2843 25.
296 2811 338 2843 de
357 2812 476 2853 aliquo
496 2812 627 2844 nudam
644 2814 682 2846 B.
782 2816 835 2845 226.
855 2824 896 2845 ac
914 2818 999 2855 potu
1019 2814 1046 2844 P
1061 2814 1118 2845 Pr.
1215 2816 1271 2846 27.
1299 2818 1332 2845 et
1350 2825 1412 2846 om.
1433 2813 1460 2844 P
1479 2813 1535 2844 Pr.

216 2869 269 2900 ⁶38.
297 2872 331 2901 et
350 2882 419 2911 pro
445 2874 483 2902 ut
509 2871 547 2901 B.

1758 234 1806 268 41

1550 1412 1647 1437 Prime
1668 1414 1776 1437 matter
1801 1412 1827 1436 iu

1581 1447 1741 1478 incapable
1762 1447 1796 1471 of

1564 1483 1711 1515 increase,
1734 1481 1819 1506 dimi*

1560 1518 1677 1548 nutiou,
1699 1517 1814 1548 growth

1552 1555 1619 1585 etc.,
1653 1553 1693 1578 all
1730 1552 1827 1576 which

1568 1589 1689 1620 happeu
1711 1590 1739 1612 to
1760 1587 1810 1612 the

1647 1623 1738 1655 body.
