2035 3359
173 235 255 261 CAP.
277 224 344 283 vr]
556 237 913 270 COMPosmioNE
939 237 1152 271 HOMINIS
1692 230 1769 266 111

166 348 214 384 ut
247 342 412 384 Cristus
453 342 508 384 sit
545 357 731 398 persona
782 342 980 397 hominis,
1034 343 1226 384 mixtura
1256 341 1304 383 fit
1337 342 1406 383 dei
1439 348 1481 383 et

167 412 378 454 hominis’.

224 481 296 522 Ex
326 482 419 523 istis
452 480 623 523 elicitur
655 482 847 523 secunda
870 483 951 536 via,
983 498 1062 538 per
1086 497 1218 538 quam
1253 480 1481 523 solvuntur
1498 491 1773 516 Yetoutwardand

166 557 436 606 argumenta,
491 566 575 608 que
626 552 831 593 videntur
870 552 1089 593 contraria
1131 552 1174 592 in
1222 551 1305 592 hac
1343 556 1481 607 parte.
1528 527 1741 592 lngliligutglim

132 621 292 675 5Nam,
325 627 373 663 ut
407 621 569 662 dictum
605 622 733 663 estin
758 623 984 678 principio,
1019 636 1105 663 non
1139 622 1355 677 sequitur:
1391 635 1481 662 cor·
1498 596 1772 692 οτέἕζὲἒέἕὲἐω

165 707 247 747 pus
283 697 325 732 et
357 691 486 733 homo
522 692 714 733 exterior
746 698 811 733 est
856 691 938 733 hec
976 706 1176 747 persona,
1211 697 1254 732 et
1285 706 1407 732 mens
1442 696 1484 732 et
1741 685 1747 691 ’

166 760 294 802 homo
333 762 512 803 interior
557 768 623 803 est
660 761 744 803 hec
783 761 937 803 eadem
969 776 1171 817 persona,
1214 776 1316 815 ergo
1350 760 1481 801 homo

165 831 346 872 interior
385 837 449 873 est
494 831 623 872 homo
672 832 876 885 exterior,
917 846 1013 873 cum
1054 830 1246 873 medium
1279 832 1333 872 sit
1366 845 1481 872 com-

165 916 306 942 mune.
341 901 410 954 Et,
434 906 482 942 ut
498 900 692 943 breviter
715 901 899 955 dicatur,
923 902 1228 956 cognoscendo
1252 901 1482 943 materiam

109 978 150 1008 10
166 970 220 1012 de
259 969 607 1022 Universalibus,
650 971 703 1013 de
747 971 983 1013 formarum
1027 970 1311 1027 quiditatibus
1353 976 1395 1012 et
1428 970 1482 1011 de

164 1040 468 1082 incarnacione
514 1040 652 1094 verbi,
697 1047 844 1096 potest
889 1041 1123 1097 utrobique
1170 1040 1483 1096 exemplariter

166 1111 374 1165 cognosci
408 1109 588 1152 solucio.

223 1179 354 1232 Quod
394 1181 428 1221 si
474 1181 667 1222 secundo
714 1180 912 1236 obicitur,
953 1181 1084 1237 quod,
1126 1182 1161 1222 si
1199 1180 1327 1222 homo
1369 1180 1482 1221 foret
1532 1190 1621 1224 Many
1641 1189 1737 1214 ofthe

1544 1225 1571 1247 b·
1627 1225 1632 1229 '
1680 1231 1692 1247 s

163 1257 251 1291 tam
285 1265 444 1306 corpus
478 1265 608 1306 quam
632 1252 786 1303 anima,
821 1257 924 1291 tunc
955 1251 1069 1292 foret
1100 1266 1200 1307 pars
1234 1251 1299 1291 sui
1332 1251 1480 1307 ipsius,
1523 1227 1744 1291 gulreiiigiriioi}

109 1327 148 1357 15
165 1327 206 1362 et
238 1321 299 1362 sic
350 1321 470 1375 prior
509 1335 560 1361 ac
599 1321 816 1376 posterior
863 1321 1018 1376 seipso,
1061 1320 1302 1373 divisibilis,
1345 1326 1387 1361 et
1417 1321 1480 1360 in·
1515 1298 1756 1389 effffiffiggssjffff

165 1390 409 1444 divisibilis,
443 1390 660 1433 sensibilis
701 1397 743 1431 et
782 1390 1059 1444 insensibilis,
1101 1398 1142 1432 et
1175 1392 1235 1432 sic
1270 1392 1323 1433 de
1358 1396 1479 1446 quot·
1579 1399 1683 1423 ‘man’-

162 1460 270 1503 libet
306 1461 548 1514 contrariis,
601 1475 681 1516 per
734 1475 818 1517 que
855 1460 1101 1503 inferuntur
1139 1461 1480 1503 contradictoria

162 1531 408 1572 manifesta:
442 1530 513 1572 hic
547 1537 722 1586 oportet
755 1530 988 1586 diligenter
1009 1537 1161 1573 notare
1194 1530 1474 1586 significacio-

161 1617 260 1643 nem
304 1601 491 1642 hominis
537 1601 752 1656 triplicem
804 1603 847 1642 in
897 1601 1110 1658 principio
1168 1601 1478 1657 supradictam,

104 1677 148 1707 20
163 1673 301 1714 eciam
324 1671 696 1726 significacionem
719 1670 937 1727 triplicem
971 1672 1025 1712 de
1058 1672 1201 1713 anima
1224 1672 1355 1713 modo
1391 1672 1479 1713 dic-

161 1748 269 1795 tam3
302 1747 405 1783 tunc
440 1742 706 1788 conceditur,
751 1742 866 1797 quod
907 1741 1039 1784 homo
1083 1748 1152 1783 est
1183 1743 1338 1797 anima,
1373 1742 1482 1782 sicut

162 1811 292 1854 homo
326 1818 392 1853 est
425 1812 668 1853 humanitas
700 1811 770 1853 vel
793 1812 981 1867 quiditas
1015 1827 1105 1866 sua,
1141 1818 1183 1854 et
1215 1813 1325 1854 sicut
1358 1813 1480 1868 spiri-

162 1888 231 1923 tus
274 1888 501 1938 separatus
536 1887 602 1923 est
634 1882 831 1923 essencia
867 1896 943 1923 sua
982 1881 1052 1923 vel
1090 1883 1193 1924 vita.
1227 1882 1338 1923 Nam
1373 1883 1480 1923 acci-

162 1952 323 2008 piendo
357 1952 576 1993 hominem
623 1967 701 2007 pro
743 1967 932 2007 persona
964 1951 1165 1994 absolute
1199 1953 1291 1993 sive
1326 1967 1481 1993 conno-

104 2026 146 2056 25
162 2022 330 2063 tacione
362 2029 515 2064 nature
556 2037 782 2078 corporee,
824 2023 919 2076 quis
960 2021 1143 2075 dubitat,
1187 2023 1291 2078 quin
1323 2021 1394 2063 ille
1427 2023 1481 2064 sit

161 2092 263 2146 vita,
299 2092 487 2148 quiditas
519 2091 589 2134 vel
631 2092 826 2133 essencia
859 2092 924 2133 sui
957 2091 1108 2147 ipsius,
1144 2098 1186 2133 et
1218 2107 1298 2148 pcr
1331 2107 1480 2134 conse-

163 2177 299 2218 quens
346 2163 508 2203 animat
554 2177 599 2202 se
645 2161 805 2217 ipsum!
870 2161 1181 2203 Verumtamen
1226 2162 1480 2217 accipiendo

160 2231 383 2273 hominem
417 2247 494 2287 pro
527 2238 682 2273 natura
706 2246 920 2287 corporea
952 2231 1021 2272 vel
1045 2246 1125 2287 pro
1159 2232 1482 2287 composicione

164 2302 254 2343 eius
288 2302 486 2357 corporis
520 2316 568 2342 ac
617 2302 771 2354 anime,
819 2307 861 2342 et
892 2301 1147 2356 accipiendo
1182 2301 1368 2342 animam
1400 2316 1480 2357 pro

104 2371 436 2412 30animacione
477 2371 675 2412 eiusdem
730 2386 914 2426 persone
961 2370 1216 2427 simpliciter
1248 2371 1479 2424 abstracte,

162 2441 350 2493 videtur,
386 2441 502 2496 quod
535 2455 618 2482 non
644 2440 696 2480 ad
723 2440 841 2481 illum
867 2456 1039 2481 sensum
1076 2441 1203 2481 honio
1239 2442 1293 2482 sit
1325 2442 1481 2493 anima,

164 2522 261 2551 cum
295 2510 409 2551 aliud
444 2511 496 2551 sit
529 2524 761 2565 personam
786 2525 881 2551 esse
915 2517 1112 2569 naturam
1149 2525 1405 2566 corpoream
1441 2518 1482 2551 et

167 2579 285 2621 aliud
317 2581 455 2636 ipsam
482 2580 663 2620 animari
689 2585 731 2621 et
754 2579 868 2620 aliud
893 2580 994 2621 unio
1029 2596 1084 2621 ex
1116 2579 1345 2621 ambobus.
1379 2579 1480 2621 Per-

225 2687 254 2717 1.
283 2688 315 2717 et
340 2684 442 2727 profit
468 2686 507 2716 A.
605 2687 636 2716 (3.
664 2685 719 2716 vel
746 2696 811 2726 pro
839 2688 871 2716 et
897 2685 995 2716 PPr.
1095 2687 1146 2716 17.
1172 2685 1406 2716 informentur
1424 2685 1479 2716 Pr.

166 2744 219 2775 19.
245 2743 438 2785 predictam
466 2743 505 2774 B.
563 2745 598 2773 in
630 2743 802 2784 principio
835 2762 878 2766 --
906 2743 1078 2784 triplicem
1113 2754 1174 2774 om.
1201 2743 1241 2774 A.
1339 2745 1392 2774 ⁶2⁶2.
1419 2753 1483 2774 sua

163 2812 225 2833 om.
254 2802 293 2832 A.
366 2802 420 2832 24.
448 2804 502 2833 25.
531 2802 755 2832 connotative
782 2802 809 2832 Β
825 2802 853 2832 P
870 2802 926 2837 Pr,
953 2804 1077 2833 nature
1096 2812 1156 2832 om.
1178 2801 1216 2832 C.
1290 2803 1344 2833 25.
1363 2801 1425 2832 illa
1444 2801 1481 2833 C.

165 2860 218 2891 30.
246 2860 365 2891 anima
391 2862 534 2891 racione
561 2860 599 2890 A.
