2035 3359
199 182 281 219 110

909 193 1147 226 JOHANNIS
1174 194 1361 226 wicun.
1653 181 1754 239 [CAP.
1774 193 1826 219 v1.

492 300 645 351 anima,
671 313 802 354 quam
826 297 900 340 illa
922 300 1067 341 anima
1090 298 1345 357 corporalis.
1367 300 1427 342 Et
1451 315 1529 356 per
1549 315 1823 357 consequens

492 375 557 411 est
588 368 706 411 idem
729 368 861 412 homo
886 371 1081 412 exterior
1105 376 1148 412 et
1169 371 1364 413 interior.
1398 371 1456 413 Et
1479 372 1539 413 sic
1562 386 1650 413 non
1684 370 1817 413 homo

493 440 684 481 exterior
718 441 800 482 erit
839 440 1031 490 brutum,
1090 442 1169 484 sed
1212 442 1363 484 eadem
1405 456 1595 497 persona
1627 447 1820 498 utraque

491 509 551 550 Et
582 516 715 566 patet,
751 511 974 567 quomodo
1010 512 1229 569 scriptura
1274 515 1319 551 22
1370 512 1441 554 ad.
1489 511 1588 554 Cor.
1623 515 1671 551 9ο
1718 527 1824 554 vere

495 579 549 621 de
580 580 743 622 virtute
776 582 992 624 sermonis
1027 582 1147 638 dicit,
1182 583 1448 625 exteriorem
1481 582 1718 635 hominem,
1753 583 1863 638 qui5

499 650 605 692 foris
640 657 719 703 est,
756 653 981 709 corrumpi
1014 655 1233 708 continue,
1268 669 1365 695 cum
1389 653 1446 696 sit
1469 669 1629 709 corpus
1655 668 1711 695 ex
1743 652 1828 695 ele-

496 722 655 763 mentis
680 723 901 764 contrarie
924 724 1039 765 inter
1062 739 1107 765 se
1130 723 1364 780 agentibus
1389 724 1670 778 integratum,
1695 722 1828 765 homo

496 792 690 847 interior,
725 793 800 849 qui
834 800 900 836 est
932 794 1113 851 spiritus
1154 801 1331 837 creatus
1371 793 1632 836 immortalis
1666 794 1708 835 in
1740 808 1828 835 mo-

496 863 616 906 ribus
659 865 864 907 continue
904 866 1145 921 vig01·atur.
1210 865 1353 908 Aliter
1395 866 1509 908 enim
1542 880 1629 908 non
1664 865 1831 906 diceret

496 933 569 976 ille
593 933 768 977 celestis
791 934 946 991 loycus
964 935 1146 978 Paulus:
1172 935 1300 979 ‘Cum
1322 936 1520 978 infirmus
1536 951 1646 990 sum,
1669 935 1832 977 forcior
1849 945 1892 977 10

498 1003 621 1045 sum'.
658 1005 715 1046 Et
747 1006 941 1049 secunda
974 1007 1027 1048 ad
1054 1006 1155 1049 Cor.
1183 1010 1249 1048 15.
1287 1007 1401 1050 ‘Scio
1425 1006 1649 1049 hominem
1681 1005 1832 1048 huius-

498 1074 618 1116 modi
652 1091 748 1118 esse
781 1083 977 1133 raptum:
1012 1092 1067 1119 an
1092 1078 1135 1119 in
1159 1093 1347 1134 corpore
1381 1078 1474 1120 sive
1508 1083 1634 1119 extra
1667 1091 1831 1134 corpus

498 1145 686 1201 nescio'3
723 1148 789 1189 cui
836 1148 1076 1190 concordat
1119 1147 1396 1205 Augustinus
1430 1148 1756 1190 confessionum
1791 1149 1829 1189 7.

501 1218 690 1273 ‘Homo',
723 1219 876 1275 inquit,
913 1217 1110 1261 ‘interior
1154 1220 1381 1275 cognoscit
1408 1218 1495 1261 hoc
1534 1234 1614 1274 per
1644 1217 1835 1261 hominis

502 1290 734 1332 exterioris
768 1290 1071 1332 ministerium.
1122 1289 1217 1345 Ego
1252 1289 1384 1332 homo
1419 1289 1601 1332 interior
1635 1288 1834 1344 cognovi,
1855 1297 1895 1329 15

502 1360 587 1402 hoc
621 1366 700 1414 est,
737 1375 818 1413 ego
852 1361 1020 1402 animus
1055 1375 1136 1416 per
1185 1375 1338 1402 sensus
1372 1360 1569 1417 corporis
1602 1358 1716 1401 mei'.
1777 1358 1837 1400 Et

503 1431 619 1473 idem
674 1430 778 1472 dicit
831 1431 886 1473 de
937 1430 1267 1473 immortalitate
1319 1432 1464 1473 anime
1516 1431 1558 1472 in
1605 1429 1835 1486 principio.

504 1500 628 1544 Sicut
660 1516 764 1557 ergo
799 1508 948 1543 manet
981 1502 1137 1544 eadem
1161 1517 1354 1558 persona
1382 1501 1523 1557 verbi,
1560 1499 1735 1557 quando
1771 1505 1838 1541 est

503 1570 650 1628 homo,
706 1579 749 1614 et
788 1572 965 1629 quando
998 1587 1085 1614 non
1126 1578 1191 1614 est
1223 1572 1370 1626 homo,
1406 1572 1467 1614 sic
1498 1577 1649 1613 manet
1682 1570 1837 1613 eadem

505 1657 696 1698 persona
728 1642 930 1697 hominis,
957 1643 1132 1700 quando
1169 1650 1234 1685 est
1267 1658 1431 1699 corpus
1467 1649 1509 1685 et
1542 1641 1718 1699 quando
1751 1655 1838 1682 non
1854 1648 1898 1680 20

507 1718 574 1754 est
607 1727 777 1771 corpus.
840 1713 972 1756 Unde
1012 1713 1127 1756 idem
1169 1714 1212 1754 in
1247 1712 1436 1770 epistula
1474 1713 1530 1754 ad
1568 1712 1838 1754 Licencium.

506 1782 643 1825 ‘Sicut
674 1784 718 1825 in
750 1785 917 1826 unitate
950 1800 1141 1841 persone
1175 1784 1320 1826 anima
1354 1784 1500 1826 unitur
1536 1783 1728 1839 corpori,
1762 1783 1837 1837 ita,

695 1976 726 2006 5.
758 1973 812 2015 Cf.
842 1973 892 2005 II.
914 1972 993 2005 Gor.
1020 1976 1042 2006 4
1070 1975 1153 2016 (non
1171 1976 1219 2015 9),
1245 1976 1285 2006 16
1312 1973 1458 2005 ammius
1484 1976 1655 2005 tractatus
1674 1982 1759 2014 pay.
1785 1971 1838 2010 17,

604 2033 625 2064 l.
653 2033 709 2064 10.
805 2035 860 2065 10.
891 2031 945 2074 Qf.
973 2032 1002 2064 I.
1034 2030 1108 2064 Cor.
1136 2035 1162 2072 1,
1189 2034 1257 2072 25,·
1284 2033 1317 2071 4,
1342 2034 1407 2069 10,·
1450 2036 1499 2064 est
1525 2035 1637 2063 autem
1663 2029 1757 2062 locu-5¹
1784 2029 1839 2061 hic

597 2090 818 2133 siynz'flcatus
848 2093 921 2124 xime
952 2090 1056 2123 dubio
1085 2091 1131 2122 II
1156 2089 1233 2124 Cor.
1260 2093 1313 2129 12,
1342 2093 1390 2123 10.
1428 2089 1513 2122 Cum
1545 2091 1632 2122 enim
1663 2088 1837 2129 infirmor,

597 2154 679 2181 tnnc
687 2155 812 2193 potens
827 2162 912 2182 sum.
978 2152 1030 2181 11.
1050 2148 1124 2182 C'or.
1143 2151 1195 2189 12,
1215 2151 1257 2182 2.·
1272 2148 1349 2182 Scio
1368 2149 1534 2182 hominem
1547 2150 1583 2181 in
1608 2147 1743 2182 Christo
1762 2150 1842 2178 ante

597 2220 706 2241 annos·
748 2208 1033 2250 quattuordecim,
1081 2210 1150 2240 sive
1191 2210 1226 2240 in
1270 2219 1413 2250 corpore
1452 2209 1574 2249 nescis,
1623 2207 1693 2239 sive
1742 2209 1842 2238 extra

597 2279 722 2309 corpu&
751 2268 872 2309 nescio,
890 2267 982 2311 Vuly.
1061 2268 1112 2298 14.
1140 2266 1230 2309 Aug.
1257 2267 1349 2299 conf.
1375 2266 1407 2298 X
1435 2268 1465 2305 6,
1493 2269 1524 2298 9.
1617 2266 1670 2297 17.
1686 2264 1775 2306 Aug.
1798 2263 1841 2296 de

599 2325 863 2357 immortalitate
879 2326 1019 2357 animae
1039 2327 1048 2356 1
1064 2325 1195 2367 (Μῐφιθ
1209 2324 1492 2365 XXXIIIO2I).
1509 2323 1553 2357 Si
1563 2335 1625 2356 ποις·
1637 2335 1768 2363 summ,
1783 2324 1843 2364 qui

599 2386 867 2425 raciocinanmr,
901 2384 939 2416 id
970 2389 1017 2417 est
1042 2386 1178 2415 animus
1201 2389 1326 2416 noster.
1346 2409 1352 2416 .
1372 2408 1380 2416 .
1431 2385 1485 2415 2⁶2.
1515 2382 1630 2415 Locus
1649 2393 1841 2424 perperam

599 2445 742 2484 ‹*iccztu.s·;
771 2445 979 2475 ,eentenciam
998 2445 1112 2484 ipsam
1126 2453 1253 2484 quaere
1278 2441 1388 2475 Serm.
1412 2440 1646 2474 CLXXXVI
1664 2443 1682 2473 1
1710 2440 1842 2481 (Illique

600 2502 817 2542 XXXVIII,
849 2505 930 2541 mm)
960 2526 967 2533 .
986 2526 994 2537 .
1013 2527 1022 2537 ,
1050 2507 1096 2541 ut,
1131 2501 1419 2542 quemadmodum
1451 2500 1549 2534 homo
1588 2505 1636 2532 est
1668 2501 1785 2531 anima
1811 2503 1841 2530 et

600 2574 692 2602 raro,
717 2563 765 2593 sic
791 2566 875 2593 esset
904 2560 1068 2593 Christus
1093 2560 1178 2593 deus
1204 2565 1234 2592 et
1258 2560 1369 2592 homo.

569 2719 594 2747 l.
623 2718 748 2747 naturo
774 2726 841 2757 pro
868 2716 988 2746 anima
1014 2714 1054 2745 A.
1162 2715 1192 2745 2.
1221 2713 1325 2745 homo
1353 2723 1423 2744 non
1451 2712 1489 2744 C.
1594 2713 1626 2743 4.
1653 2710 1747 2753 quod
1768 2721 1837 2752 pro

506 2773 682 2816 quomodo
711 2773 748 2805 C.
846 2776 876 2805 5.
904 2773 1053 2804 veritate
1071 2773 1110 2803 P.
1211 2773 1263 2803 10.
1291 2772 1436 2803 inferius
1454 2771 1493 2811 P,
1522 2769 1681 2801 infirmus
1707 2769 1836 2800 forcior

507 2843 582 2863 sum
611 2836 644 2864 et
668 2835 794 2874 potens
821 2832 859 2863 C.
960 2834 1010 2862 12.
1040 2841 1083 2862 an
1111 2842 1172 2862 nm.
1202 2831 1241 2861 B.
1341 2831 1394 2861 18.
1422 2840 1563 2861 sensum
1592 2829 1618 2859 C
1637 2827 1735 2859 PPr.
