<?xml version="1.0" encoding="UTF-8"?>
<!DOCTYPE html PUBLIC "-//W3C//DTD XHTML 1.0 Transitional//EN"
    "http://www.w3.org/TR/xhtml1/DTD/xhtml1-transitional.dtd">
<html xmlns="http://www.w3.org/1999/xhtml" xml:lang="en" lang="en">
 <head>
  <title>
</title>
<meta http-equiv="Content-Type" content="text/html;charset=utf-8" />
  <meta name='ocr-system' content='tesseract 3.04.00' />
  <meta name='ocr-capabilities' content='ocr_page ocr_carea ocr_par ocr_line ocrx_word'/>
</head>
<body>
  <div class='ocr_page' id='page_1' title='image "./decompositioneho00wycl_0146.png"; bbox 0 0 2035 3359; ppageno 0'>
   <div class='ocr_carea' id='block_1_1' title="bbox 183 172 1804 216">
    <p class='ocr_par' dir='ltr' id='par_1_1' title="bbox 183 172 1804 216">
     <span class='ocr_line' id='line_1_1' title="bbox 183 172 1804 216; baseline 0.007 -17"><span class='ocrx_word' id='word_1_1' title='bbox 183 176 264 216; x_wconf 74' lang='lat'>120</span> <span class='ocrx_word' id='word_1_2' title='bbox 916 172 1153 205; x_wconf 79' lang='lat' dir='ltr'><strong>JOHANNIS</strong></span> <span class='ocrx_word' id='word_1_3' title='bbox 1180 172 1367 205; x_wconf 88' lang='lat' dir='ltr'>WICLIF.</span> <span class='ocrx_word' id='word_1_4' title='bbox 1633 183 1717 209; x_wconf 78' lang='lat' dir='ltr'><strong>OAP.</strong></span> <span class='ocrx_word' id='word_1_5' title='bbox 1739 184 1804 210; x_wconf 91' lang='lat' dir='ltr'>V11.</span> 
     </span>
    </p>
   </div>
   <div class='ocr_carea' id='block_1_2' title="bbox 471 288 1811 491">
    <p class='ocr_par' dir='ltr' id='par_1_2' title="bbox 471 288 1811 491">
     <span class='ocr_line' id='line_1_2' title="bbox 471 288 1809 349; baseline -0.001 -15"><span class='ocrx_word' id='word_1_6' title='bbox 471 292 656 334; x_wconf 90' lang='lat' dir='ltr'>verbum</span> <span class='ocrx_word' id='word_1_7' title='bbox 702 299 768 334; x_wconf 89' lang='lat' dir='ltr'>est</span> <span class='ocrx_word' id='word_1_8' title='bbox 811 291 1009 349; x_wconf 79' lang='lat' dir='ltr'>triplices</span> <span class='ocrx_word' id='word_1_9' title='bbox 1041 296 1196 333; x_wconf 90' lang='lat' dir='ltr'>nature</span> <span class='ocrx_word' id='word_1_10' title='bbox 1242 288 1528 348; x_wconf 80' lang='lat' dir='ltr'>separabiles,</span> <span class='ocrx_word' id='word_1_11' title='bbox 1574 290 1634 332; x_wconf 87' lang='lat' dir='ltr'>sic</span> <span class='ocrx_word' id='word_1_12' title='bbox 1680 289 1809 333; x_wconf 87' lang='lat' dir='ltr'>homo</span> 
     </span>
     <span class='ocr_line' id='line_1_3' title="bbox 472 362 1811 419; baseline -0.001 -14"><span class='ocrx_word' id='word_1_13' title='bbox 472 370 537 405; x_wconf 89' lang='lat' dir='ltr'>est</span> <span class='ocrx_word' id='word_1_14' title='bbox 582 368 669 405; x_wconf 83' lang='lat' dir='ltr'>tres</span> <span class='ocrx_word' id='word_1_15' title='bbox 720 370 887 416; x_wconf 87' lang='lat' dir='ltr'>nature,</span> <span class='ocrx_word' id='word_1_16' title='bbox 937 362 1103 404; x_wconf 87' lang='lat' dir='ltr'>scilicet</span> <span class='ocrx_word' id='word_1_17' title='bbox 1156 362 1335 419; x_wconf 85' lang='lat' dir='ltr'>spiritus</span> <span class='ocrx_word' id='word_1_18' title='bbox 1377 376 1536 418; x_wconf 88' lang='lat' dir='ltr'>corpus</span> <span class='ocrx_word' id='word_1_19' title='bbox 1582 367 1624 403; x_wconf 90' lang='lat' dir='ltr'>et</span> <span class='ocrx_word' id='word_1_20' title='bbox 1668 362 1811 404; x_wconf 86' lang='lat' dir='ltr'>anima</span> 
     </span>
     <span class='ocr_line' id='line_1_4' title="bbox 472 432 733 491; baseline 0.004 -16"><span class='ocrx_word' id='word_1_21' title='bbox 472 432 733 491; x_wconf 84' lang='lat' dir='ltr'>corporalis.</span> 
     </span>
    </p>
   </div>
   <div class='ocr_carea' id='block_1_3' title="bbox 1006 574 1845 651">
    <p class='ocr_par' dir='ltr' id='par_1_3' title="bbox 1006 574 1845 651">
     <span class='ocr_line' id='line_1_5' title="bbox 1006 574 1845 651; baseline -0.002 0"><span class='ocrx_word' id='word_1_22' title='bbox 1006 607 1135 651; x_wconf 81' lang='lat' dir='ltr'><strong>OAP.</strong></span> <span class='ocrx_word' id='word_1_23' title='bbox 1171 608 1270 651; x_wconf 85' lang='lat' dir='ltr'>vn.</span> <span class='ocrx_word' id='word_1_24' title='bbox 1825 574 1845 605; x_wconf 84' lang='lat'>⁵</span> 
     </span>
    </p>
   </div>
   <div class='ocr_carea' id='block_1_4' title="bbox 227 703 1808 762">
    <p class='ocr_par' dir='ltr' id='par_1_4' title="bbox 227 703 1808 762">
     <span class='ocr_line' id='line_1_6' title="bbox 227 703 1808 762; baseline -0.003 -11"><span class='ocrx_word' id='word_1_25' title='bbox 227 725 405 758; x_wconf 81' lang='lat' dir='ltr'>Objection:</span> <span class='ocrx_word' id='word_1_26' title='bbox 530 704 620 748; x_wconf 90' lang='lat' dir='ltr'>Sed</span> <span class='ocrx_word' id='word_1_27' title='bbox 645 710 797 747; x_wconf 88' lang='lat' dir='ltr'>contra</span> <span class='ocrx_word' id='word_1_28' title='bbox 819 703 1022 761; x_wconf 86' lang='lat' dir='ltr'>predicta</span> <span class='ocrx_word' id='word_1_29' title='bbox 1046 703 1237 746; x_wconf 89' lang='lat' dir='ltr'>obicitur</span> <span class='ocrx_word' id='word_1_30' title='bbox 1259 704 1416 761; x_wconf 86' lang='lat' dir='ltr'>primo,</span> <span class='ocrx_word' id='word_1_31' title='bbox 1452 704 1572 762; x_wconf 93' lang='lat' dir='ltr'>quod</span> <span class='ocrx_word' id='word_1_32' title='bbox 1605 719 1808 761; x_wconf 84' lang='lat' dir='ltr'>quarum-</span> 
     </span>
    </p>
   </div>
   <div class='ocr_carea' id='block_1_5' title="bbox 174 761 1808 833">
    <p class='ocr_par' dir='ltr' id='par_1_5' title="bbox 174 761 1808 833">
     <span class='ocr_line' id='line_1_7' title="bbox 174 761 1762 793; baseline -0.002 -7"><span class='ocrx_word' id='word_1_33' title='bbox 174 761 204 787; x_wconf 88' lang='lat' dir='ltr'>If</span> <span class='ocrx_word' id='word_1_34' title='bbox 215 762 273 787; x_wconf 77' lang='lat' dir='ltr'>this</span> <span class='ocrx_word' id='word_1_35' title='bbox 287 762 312 786; x_wconf 79' lang='lat' dir='ltr'>is</span> <span class='ocrx_word' id='word_1_36' title='bbox 328 761 457 793; x_wconf 85' lang='lat' dir='ltr'>granted</span> <span class='ocrx_word' id='word_1_37' title='bbox 1039 775 1046 783; x_wconf 92' lang='lat'><strong>.</strong></span> <span class='ocrx_word' id='word_1_38' title='bbox 1167 775 1176 783; x_wconf 86' lang='lat'>.</span> <span class='ocrx_word' id='word_1_39' title='bbox 1249 775 1256 783; x_wconf 89' lang='lat'>.</span> <span class='ocrx_word' id='word_1_40' title='bbox 1470 776 1478 784; x_wconf 91' lang='lat'><strong>.</strong></span> <span class='ocrx_word' id='word_1_41' title='bbox 1675 775 1682 783; x_wconf 92' lang='lat'><strong>.</strong></span> <span class='ocrx_word' id='word_1_42' title='bbox 1722 775 1730 783; x_wconf 85' lang='lat'><strong>.</strong></span> <span class='ocrx_word' id='word_1_43' title='bbox 1754 776 1762 783; x_wconf 88' lang='lat'><strong><em>.</em></strong></span> 
     </span>
     <span class='ocr_line' id='line_1_8' title="bbox 291 774 1808 833; baseline -0.002 -12"><span class='ocrx_word' id='word_1_44' title='bbox 291 804 351 829; x_wconf 76' lang='lat' dir='ltr'>any</span> <span class='ocrx_word' id='word_1_45' title='bbox 472 791 661 833; x_wconf 83' lang='lat' dir='ltr'>cumque</span> <span class='ocrx_word' id='word_1_46' title='bbox 683 790 832 818; x_wconf 90' lang='lat' dir='ltr'>rerum</span> <span class='ocrx_word' id='word_1_47' title='bbox 847 774 1207 832; x_wconf 84' lang='lat' dir='ltr'>ydemptificacio</span> <span class='ocrx_word' id='word_1_48' title='bbox 1224 781 1279 817; x_wconf 82' lang='lat' dir='ltr'>slt</span> <span class='ocrx_word' id='word_1_49' title='bbox 1294 774 1551 818; x_wconf 83' lang='lat' dir='ltr'>naturaliter</span> <span class='ocrx_word' id='word_1_50' title='bbox 1565 774 1808 832; x_wconf 84' lang='lat' dir='ltr'>possib111s;</span> 
     </span>
    </p>
   </div>
   <div class='ocr_carea' id='block_1_6' title="bbox 204 831 1870 1615">
    <p class='ocr_par' dir='ltr' id='par_1_6' title="bbox 204 831 1870 1529">
     <span class='ocr_line' id='line_1_9' title="bbox 204 831 1809 904; baseline -0.004 -10"><span class='ocrx_word' id='word_1_51' title='bbox 204 831 431 901; x_wconf 45' lang='lat' dir='ltr'>iilsessgffsissii‘fn</span> <span class='ocrx_word' id='word_1_52' title='bbox 472 847 683 902; x_wconf 85' lang='lat' dir='ltr'>secundo,</span> <span class='ocrx_word' id='word_1_53' title='bbox 719 846 838 904; x_wconf 91' lang='lat' dir='ltr'>quod</span> <span class='ocrx_word' id='word_1_54' title='bbox 863 847 1003 889; x_wconf 85' lang='lat' dir='ltr'>omnis</span> <span class='ocrx_word' id='word_1_55' title='bbox 1036 845 1167 888; x_wconf 91' lang='lat' dir='ltr'>homo</span> <span class='ocrx_word' id='word_1_56' title='bbox 1187 846 1243 888; x_wconf 86' lang='lat' dir='ltr'>sit</span> <span class='ocrx_word' id='word_1_57' title='bbox 1266 846 1508 904; x_wconf 85' lang='lat' dir='ltr'>disparium</span> <span class='ocrx_word' id='word_1_58' title='bbox 1543 846 1809 904; x_wconf 80' lang='lat' dir='ltr'>specierum,</span> 
     </span>
     <span class='ocr_line' id='line_1_10' title="bbox 472 915 1869 974; baseline -0.001 -14"><span class='ocrx_word' id='word_1_59' title='bbox 472 924 516 961; x_wconf 91' lang='lat' dir='ltr'>et</span> <span class='ocrx_word' id='word_1_60' title='bbox 545 918 683 960; x_wconf 88' lang='lat' dir='ltr'>tercio</span> <span class='ocrx_word' id='word_1_61' title='bbox 730 917 849 974; x_wconf 90' lang='lat' dir='ltr'>quod</span> <span class='ocrx_word' id='word_1_62' title='bbox 900 915 1261 974; x_wconf 87' lang='lat' dir='ltr'>philosophicum</span> <span class='ocrx_word' id='word_1_63' title='bbox 1310 917 1366 960; x_wconf 82' lang='lat' dir='ltr'>sit</span> <span class='ocrx_word' id='word_1_64' title='bbox 1407 932 1574 974; x_wconf 88' lang='lat' dir='ltr'>ponere</span> <span class='ocrx_word' id='word_1_65' title='bbox 1620 917 1869 960; x_wconf 88' lang='lat' dir='ltr'>eundem10</span> 
     </span>
     <span class='ocr_line' id='line_1_11' title="bbox 470 987 1812 1044; baseline -0.001 -13"><span class='ocrx_word' id='word_1_66' title='bbox 470 987 743 1031; x_wconf 88' lang='lat' dir='ltr'>intellectum</span> <span class='ocrx_word' id='word_1_67' title='bbox 789 994 993 1044; x_wconf 85' lang='lat' dir='ltr'>agentem</span> <span class='ocrx_word' id='word_1_68' title='bbox 1039 989 1083 1030; x_wconf 88' lang='lat' dir='ltr'>in</span> <span class='ocrx_word' id='word_1_69' title='bbox 1128 991 1245 1030; x_wconf 90' lang='lat' dir='ltr'>omni</span> <span class='ocrx_word' id='word_1_70' title='bbox 1285 987 1475 1031; x_wconf 91' lang='lat' dir='ltr'>homine.</span> <span class='ocrx_word' id='word_1_71' title='bbox 1520 988 1717 1030; x_wconf 88' lang='lat' dir='ltr'>Primum</span> <span class='ocrx_word' id='word_1_72' title='bbox 1749 988 1812 1031; x_wconf 86' lang='lat' dir='ltr'>sic</span> 
     </span>
     <span class='ocr_line' id='line_1_12' title="bbox 475 1058 1812 1117; baseline -0.001 -15"><span class='ocrx_word' id='word_1_73' title='bbox 475 1060 728 1102; x_wconf 80' lang='lat' dir='ltr'>deducitur:</span> <span class='ocrx_word' id='word_1_74' title='bbox 762 1058 862 1117; x_wconf 88' lang='lat' dir='ltr'>plus</span> <span class='ocrx_word' id='word_1_75' title='bbox 898 1059 1160 1101; x_wconf 86' lang='lat' dir='ltr'>distancium</span> <span class='ocrx_word' id='word_1_76' title='bbox 1192 1064 1258 1101; x_wconf 90' lang='lat' dir='ltr'>est</span> <span class='ocrx_word' id='word_1_77' title='bbox 1279 1059 1639 1117; x_wconf 85' lang='lat' dir='ltr'>ydemptificacio</span> <span class='ocrx_word' id='word_1_78' title='bbox 1671 1058 1812 1116; x_wconf 85' lang='lat' dir='ltr'>magis</span> 
     </span>
     <span class='ocr_line' id='line_1_13' title="bbox 472 1129 1811 1186; baseline -0.001 -13"><span class='ocrx_word' id='word_1_79' title='bbox 472 1129 699 1186; x_wconf 85' lang='lat' dir='ltr'>mirabilis,</span> <span class='ocrx_word' id='word_1_80' title='bbox 733 1130 811 1173; x_wconf 84' lang='lat' dir='ltr'>sed</span> <span class='ocrx_word' id='word_1_81' title='bbox 842 1145 966 1173; x_wconf 85' lang='lat' dir='ltr'>mens</span> <span class='ocrx_word' id='word_1_82' title='bbox 1000 1129 1205 1184; x_wconf 82' lang='lat' dir='ltr'>humana,</span> <span class='ocrx_word' id='word_1_83' title='bbox 1252 1145 1352 1173; x_wconf 88' lang='lat' dir='ltr'>cum</span> <span class='ocrx_word' id='word_1_84' title='bbox 1398 1132 1453 1173; x_wconf 87' lang='lat' dir='ltr'>sit</span> <span class='ocrx_word' id='word_1_85' title='bbox 1497 1131 1693 1173; x_wconf 83' lang='lat' dir='ltr'>essencia</span> <span class='ocrx_word' id='word_1_86' title='bbox 1737 1129 1811 1172; x_wconf 90' lang='lat' dir='ltr'>ab·</span> 
     </span>
     <span class='ocr_line' id='line_1_14' title="bbox 472 1200 1811 1257; baseline -0.001 -13"><span class='ocrx_word' id='word_1_87' title='bbox 472 1200 629 1257; x_wconf 84' lang='lat' dir='ltr'>soluta,</span> <span class='ocrx_word' id='word_1_88' title='bbox 675 1207 724 1244; x_wconf 90' lang='lat' dir='ltr'>ut</span> <span class='ocrx_word' id='word_1_89' title='bbox 768 1200 965 1256; x_wconf 80' lang='lat' dir='ltr'>angelus,</span> <span class='ocrx_word' id='word_1_90' title='bbox 1011 1201 1203 1243; x_wconf 81' lang='lat' dir='ltr'>maxime</span> <span class='ocrx_word' id='word_1_91' title='bbox 1250 1202 1382 1244; x_wconf 86' lang='lat' dir='ltr'>distat</span> <span class='ocrx_word' id='word_1_92' title='bbox 1429 1201 1483 1244; x_wconf 86' lang='lat' dir='ltr'>ab</span> <span class='ocrx_word' id='word_1_93' title='bbox 1528 1201 1811 1255; x_wconf 85' lang='lat' dir='ltr'>animacione,</span> 
     </span>
     <span class='ocr_line' id='line_1_15' title="bbox 472 1271 1870 1330; baseline -0.001 -15"><span class='ocrx_word' id='word_1_94' title='bbox 472 1288 557 1330; x_wconf 89' lang='lat' dir='ltr'>que</span> <span class='ocrx_word' id='word_1_95' title='bbox 600 1287 690 1315; x_wconf 88' lang='lat' dir='ltr'>non</span> <span class='ocrx_word' id='word_1_96' title='bbox 736 1278 803 1315; x_wconf 88' lang='lat' dir='ltr'>est</span> <span class='ocrx_word' id='word_1_97' title='bbox 846 1272 1047 1315; x_wconf 83' lang='lat' dir='ltr'>essencia</span> <span class='ocrx_word' id='word_1_98' title='bbox 1090 1271 1307 1315; x_wconf 85' lang='lat' dir='ltr'>absoluta.</span> <span class='ocrx_word' id='word_1_99' title='bbox 1370 1272 1492 1329; x_wconf 89' lang='lat' dir='ltr'>Ergo</span> <span class='ocrx_word' id='word_1_100' title='bbox 1538 1273 1681 1329; x_wconf 88' lang='lat' dir='ltr'>posita</span> <span class='ocrx_word' id='word_1_101' title='bbox 1711 1287 1810 1329; x_wconf 82' lang='lat' dir='ltr'>pos·</span> <span class='ocrx_word' id='word_1_102' title='bbox 1829 1282 1870 1314; x_wconf 93' lang='lat'>15</span> 
     </span>
     <span class='ocr_line' id='line_1_16' title="bbox 471 1342 1814 1402; baseline -0.001 -16"><span class='ocrx_word' id='word_1_103' title='bbox 471 1342 712 1399; x_wconf 80' lang='lat' dir='ltr'>sibilitatel</span> <span class='ocrx_word' id='word_1_104' title='bbox 750 1343 1174 1402; x_wconf 85' lang='lat' dir='ltr'>ydemptificacionis</span> <span class='ocrx_word' id='word_1_105' title='bbox 1224 1342 1413 1399; x_wconf 91' lang='lat' dir='ltr'>illorum,</span> <span class='ocrx_word' id='word_1_106' title='bbox 1479 1344 1678 1400; x_wconf 83' lang='lat' dir='ltr'>sequitur</span> <span class='ocrx_word' id='word_1_107' title='bbox 1734 1357 1814 1400; x_wconf 91' lang='lat' dir='ltr'>per</span> 
     </span>
     <span class='ocr_line' id='line_1_17' title="bbox 469 1412 1813 1471; baseline -0.001 -14"><span class='ocrx_word' id='word_1_108' title='bbox 469 1413 615 1458; x_wconf 90' lang='lat' dir='ltr'>locum</span> <span class='ocrx_word' id='word_1_109' title='bbox 668 1429 695 1457; x_wconf 85' lang='lat' dir='ltr'>a</span> <span class='ocrx_word' id='word_1_110' title='bbox 737 1414 892 1458; x_wconf 87' lang='lat' dir='ltr'>maiori</span> <span class='ocrx_word' id='word_1_111' title='bbox 934 1413 1297 1471; x_wconf 87' lang='lat' dir='ltr'>ydemptificacio</span> <span class='ocrx_word' id='word_1_112' title='bbox 1353 1412 1522 1457; x_wconf 85' lang='lat' dir='ltr'>facilior</span> <span class='ocrx_word' id='word_1_113' title='bbox 1560 1412 1660 1470; x_wconf 86' lang='lat' dir='ltr'>plus</span> <span class='ocrx_word' id='word_1_114' title='bbox 1714 1428 1813 1456; x_wconf 90' lang='lat' dir='ltr'>con-</span> 
     </span>
     <span class='ocr_line' id='line_1_18' title="bbox 473 1486 766 1529; baseline 0.003 -1"><span class='ocrx_word' id='word_1_115' title='bbox 473 1486 766 1529; x_wconf 87' lang='lat' dir='ltr'>veniencium.</span> 
     </span>
    </p>

    <p class='ocr_par' dir='ltr' id='par_1_7' title="bbox 238 1554 1814 1615">
     <span class='ocr_line' id='line_1_19' title="bbox 238 1554 1814 1615; baseline -0.001 -16"><span class='ocrx_word' id='word_1_116' title='bbox 238 1562 387 1589; x_wconf 63' lang='lat' dir='ltr'>Anssww</span> <span class='ocrx_word' id='word_1_117' title='bbox 533 1556 619 1599; x_wconf 91' lang='lat' dir='ltr'>Hic</span> <span class='ocrx_word' id='word_1_118' title='bbox 653 1557 828 1614; x_wconf 87' lang='lat' dir='ltr'>dicitur,</span> <span class='ocrx_word' id='word_1_119' title='bbox 864 1557 981 1615; x_wconf 89' lang='lat' dir='ltr'>quod</span> <span class='ocrx_word' id='word_1_120' title='bbox 1037 1555 1320 1614; x_wconf 82' lang='lat' dir='ltr'>quadruplex</span> <span class='ocrx_word' id='word_1_121' title='bbox 1361 1562 1427 1599; x_wconf 89' lang='lat' dir='ltr'>est</span> <span class='ocrx_word' id='word_1_122' title='bbox 1457 1554 1814 1613; x_wconf 85' lang='lat' dir='ltr'>ydemptificacio</span> 
     </span>
    </p>
   </div>
   <div class='ocr_carea' id='block_1_7' title="bbox 178 1598 1875 1684">
    <p class='ocr_par' dir='ltr' id='par_1_8' title="bbox 178 1598 1875 1684">
     <span class='ocr_line' id='line_1_20' title="bbox 178 1598 1875 1684; baseline -0.002 -14"><span class='ocrx_word' id='word_1_123' title='bbox 178 1598 448 1659; x_wconf 49' lang='lat' dir='ltr'>Iflssnf‘gflssassffigf</span> <span class='ocrx_word' id='word_1_124' title='bbox 476 1627 589 1671; x_wconf 83' lang='lat' dir='ltr'>sicut</span> <span class='ocrx_word' id='word_1_125' title='bbox 614 1626 967 1684; x_wconf 82' lang='lat' dir='ltr'>quadrupliciter</span> <span class='ocrx_word' id='word_1_126' title='bbox 989 1626 1154 1684; x_wconf 90' lang='lat' dir='ltr'>aliquid</span> <span class='ocrx_word' id='word_1_127' title='bbox 1180 1627 1340 1669; x_wconf 87' lang='lat' dir='ltr'>dicitur</span> <span class='ocrx_word' id='word_1_128' title='bbox 1363 1642 1458 1670; x_wconf 86' lang='lat' dir='ltr'>esse</span> <span class='ocrx_word' id='word_1_129' title='bbox 1487 1626 1619 1682; x_wconf 89' lang='lat' dir='ltr'>idem,</span> <span class='ocrx_word' id='word_1_130' title='bbox 1651 1625 1816 1670; x_wconf 85' lang='lat' dir='ltr'>scilicet</span> <span class='ocrx_word' id='word_1_131' title='bbox 1830 1636 1875 1669; x_wconf 73' lang='lat'>20</span> 
     </span>
    </p>
   </div>
   <div class='ocr_carea' id='block_1_8' title="bbox 178 1669 1874 2324">
    <p class='ocr_par' dir='ltr' id='par_1_9' title="bbox 178 1669 1874 2181">
     <span class='ocr_line' id='line_1_21' title="bbox 178 1669 1815 1773; baseline 0 -33"><span class='ocrx_word' id='word_1_132' title='bbox 178 1669 291 1765; x_wconf 52' lang='grc' dir='ltr'>Τῗῗὲ</span> <span class='ocrx_word' id='word_1_133' title='bbox 306 1669 449 1773; x_wconf 40' lang='grc' dir='ltr'>ΞΞᾸΞῩΘ</span> <span class='ocrx_word' id='word_1_134' title='bbox 474 1699 517 1741; x_wconf 90' lang='lat' dir='ltr'>in</span> <span class='ocrx_word' id='word_1_135' title='bbox 556 1713 733 1755; x_wconf 82' lang='lat' dir='ltr'>genere,</span> <span class='ocrx_word' id='word_1_136' title='bbox 779 1698 823 1740; x_wconf 90' lang='lat' dir='ltr'>in</span> <span class='ocrx_word' id='word_1_137' title='bbox 868 1698 1034 1755; x_wconf 84' lang='lat' dir='ltr'>speeie,</span> <span class='ocrx_word' id='word_1_138' title='bbox 1079 1699 1123 1741; x_wconf 91' lang='lat' dir='ltr'>in</span> <span class='ocrx_word' id='word_1_139' title='bbox 1162 1712 1346 1741; x_wconf 89' lang='lat' dir='ltr'>numero</span> <span class='ocrx_word' id='word_1_140' title='bbox 1392 1696 1654 1756; x_wconf 82' lang='lat' dir='ltr'>suppositali</span> <span class='ocrx_word' id='word_1_141' title='bbox 1697 1698 1815 1740; x_wconf 87' lang='lat' dir='ltr'>etin</span> 
     </span>
     <span class='ocr_line' id='line_1_22' title="bbox 477 1767 1815 1826; baseline -0.002 -13"><span class='ocrx_word' id='word_1_142' title='bbox 477 1770 674 1817; x_wconf 68' lang='lat' dir='ltr'>assencia</span> <span class='ocrx_word' id='word_1_143' title='bbox 706 1768 929 1826; x_wconf 83' lang='lat' dir='ltr'>singulari.</span> <span class='ocrx_word' id='word_1_144' title='bbox 994 1767 1126 1822; x_wconf 79' lang='lat' dir='ltr'>Quod</span> <span class='ocrx_word' id='word_1_145' title='bbox 1178 1775 1326 1812; x_wconf 89' lang='lat' dir='ltr'>autem</span> <span class='ocrx_word' id='word_1_146' title='bbox 1364 1784 1500 1812; x_wconf 88' lang='lat' dir='ltr'>unum</span> <span class='ocrx_word' id='word_1_147' title='bbox 1540 1769 1815 1825; x_wconf 83' lang='lat' dir='ltr'>suppositum</span> 
     </span>
     <span class='ocr_line' id='line_1_23' title="bbox 475 1839 1814 1898; baseline 0 -16"><span class='ocrx_word' id='word_1_148' title='bbox 475 1840 552 1883; x_wconf 88' lang='lat' dir='ltr'>fiat</span> <span class='ocrx_word' id='word_1_149' title='bbox 595 1840 714 1883; x_wconf 89' lang='lat' dir='ltr'>idem</span> <span class='ocrx_word' id='word_1_150' title='bbox 759 1840 803 1883; x_wconf 89' lang='lat' dir='ltr'>in</span> <span class='ocrx_word' id='word_1_151' title='bbox 849 1855 1013 1896; x_wconf 84' lang='lat' dir='ltr'>genere</span> <span class='ocrx_word' id='word_1_152' title='bbox 1058 1855 1158 1883; x_wconf 90' lang='lat' dir='ltr'>cum</span> <span class='ocrx_word' id='word_1_153' title='bbox 1202 1839 1349 1898; x_wconf 81' lang='lat' dir='ltr'>aliquo</span> <span class='ocrx_word' id='word_1_154' title='bbox 1401 1840 1542 1883; x_wconf 89' lang='lat' dir='ltr'>eciam</span> <span class='ocrx_word' id='word_1_155' title='bbox 1584 1839 1668 1882; x_wconf 81' lang='lat' dir='ltr'>sibi</span> <span class='ocrx_word' id='word_1_156' title='bbox 1713 1854 1814 1883; x_wconf 89' lang='lat' dir='ltr'>con-</span> 
     </span>
     <span class='ocr_line' id='line_1_24' title="bbox 476 1909 1815 1968; baseline -0.001 -14"><span class='ocrx_word' id='word_1_157' title='bbox 476 1911 626 1967; x_wconf 89' lang='lat' dir='ltr'>trario,</span> <span class='ocrx_word' id='word_1_158' title='bbox 659 1910 805 1954; x_wconf 87' lang='lat' dir='ltr'>nullus</span> <span class='ocrx_word' id='word_1_159' title='bbox 838 1910 1144 1968; x_wconf 88' lang='lat' dir='ltr'>philosophus,</span> <span class='ocrx_word' id='word_1_160' title='bbox 1185 1911 1324 1954; x_wconf 89' lang='lat' dir='ltr'>eciam</span> <span class='ocrx_word' id='word_1_161' title='bbox 1365 1909 1602 1967; x_wconf 82' lang='lat' dir='ltr'>rectilogus</span> <span class='ocrx_word' id='word_1_162' title='bbox 1646 1916 1815 1955; x_wconf 84' lang='lat' dir='ltr'>contra-</span> 
     </span>
     <span class='ocr_line' id='line_1_25' title="bbox 478 1980 1874 2038; baseline -0.001 -14"><span class='ocrx_word' id='word_1_163' title='bbox 478 1982 658 2038; x_wconf 76' lang='lat' dir='ltr'>diceret,</span> <span class='ocrx_word' id='word_1_164' title='bbox 691 1988 742 2025; x_wconf 91' lang='lat' dir='ltr'>ut</span> <span class='ocrx_word' id='word_1_165' title='bbox 772 1980 948 2038; x_wconf 85' lang='lat' dir='ltr'>albedo,</span> <span class='ocrx_word' id='word_1_166' title='bbox 980 1982 1165 2038; x_wconf 85' lang='lat' dir='ltr'>nigredo</span> <span class='ocrx_word' id='word_1_167' title='bbox 1200 1988 1244 2025; x_wconf 94' lang='lat' dir='ltr'>et</span> <span class='ocrx_word' id='word_1_168' title='bbox 1285 1997 1438 2025; x_wconf 86' lang='lat' dir='ltr'>omnes</span> <span class='ocrx_word' id='word_1_169' title='bbox 1471 1987 1671 2025; x_wconf 86' lang='lat' dir='ltr'>creature</span> <span class='ocrx_word' id='word_1_170' title='bbox 1703 1982 1814 2024; x_wconf 87' lang='lat' dir='ltr'>eius·</span> <span class='ocrx_word' id='word_1_171' title='bbox 1829 1990 1874 2022; x_wconf 76' lang='lat'>25</span> 
     </span>
     <span class='ocr_line' id='line_1_26' title="bbox 481 2053 1815 2110; baseline 0 -15"><span class='ocrx_word' id='word_1_172' title='bbox 481 2053 581 2096; x_wconf 88' lang='lat' dir='ltr'>dem</span> <span class='ocrx_word' id='word_1_173' title='bbox 613 2054 789 2109; x_wconf 83' lang='lat' dir='ltr'>generis</span> <span class='ocrx_word' id='word_1_174' title='bbox 822 2059 922 2096; x_wconf 82' lang='lat' dir='ltr'>sunt</span> <span class='ocrx_word' id='word_1_175' title='bbox 952 2053 1072 2096; x_wconf 89' lang='lat' dir='ltr'>idem</span> <span class='ocrx_word' id='word_1_176' title='bbox 1104 2053 1147 2096; x_wconf 89' lang='lat' dir='ltr'>in</span> <span class='ocrx_word' id='word_1_177' title='bbox 1180 2068 1357 2110; x_wconf 83' lang='lat' dir='ltr'>genere,</span> <span class='ocrx_word' id='word_1_178' title='bbox 1392 2068 1494 2096; x_wconf 88' lang='lat' dir='ltr'>cum</span> <span class='ocrx_word' id='word_1_179' title='bbox 1524 2053 1644 2095; x_wconf 89' lang='lat' dir='ltr'>idem</span> <span class='ocrx_word' id='word_1_180' title='bbox 1677 2068 1815 2107; x_wconf 85' lang='lat' dir='ltr'>genus</span> 
     </span>
     <span class='ocr_line' id='line_1_27' title="bbox 479 2122 1815 2181; baseline 0 -15"><span class='ocrx_word' id='word_1_181' title='bbox 479 2124 535 2166; x_wconf 82' lang='lat' dir='ltr'>sit</span> <span class='ocrx_word' id='word_1_182' title='bbox 567 2123 799 2181; x_wconf 90' lang='lat' dir='ltr'>quodlibet</span> <span class='ocrx_word' id='word_1_183' title='bbox 837 2124 1098 2180; x_wconf 69' lang='lat' dir='ltr'>earundem,</span> <span class='ocrx_word' id='word_1_184' title='bbox 1139 2130 1183 2167; x_wconf 91' lang='lat' dir='ltr'>et</span> <span class='ocrx_word' id='word_1_185' title='bbox 1236 2123 1635 2180; x_wconf 87' lang='lat' dir='ltr'>correspondenter</span> <span class='ocrx_word' id='word_1_186' title='bbox 1672 2122 1815 2166; x_wconf 85' lang='lat' dir='ltr'>nullus</span> 
     </span>
    </p>

    <p class='ocr_par' dir='ltr' id='par_1_10' title="bbox 251 2193 1817 2324">
     <span class='ocr_line' id='line_1_28' title="bbox 251 2193 1815 2253; baseline 0 -16"><span class='ocrx_word' id='word_1_187' title='bbox 251 2213 282 2237; x_wconf 73' lang='lat' dir='ltr'>in</span> <span class='ocrx_word' id='word_1_188' title='bbox 303 2211 433 2245; x_wconf 71' lang='lat' dir='ltr'>species,</span> <span class='ocrx_word' id='word_1_189' title='bbox 480 2193 775 2252; x_wconf 87' lang='lat' dir='ltr'>philosophus</span> <span class='ocrx_word' id='word_1_190' title='bbox 792 2194 928 2237; x_wconf 90' lang='lat' dir='ltr'>debet</span> <span class='ocrx_word' id='word_1_191' title='bbox 943 2194 1169 2251; x_wconf 80' lang='lat' dir='ltr'>ambigere</span> <span class='ocrx_word' id='word_1_192' title='bbox 1182 2195 1522 2253; x_wconf 87' lang='lat' dir='ltr'>ydemptitatem</span> <span class='ocrx_word' id='word_1_193' title='bbox 1546 2194 1815 2252; x_wconf 80' lang='lat' dir='ltr'>specificam,</span> 
     </span>
     <span class='ocr_line' id='line_1_29' title="bbox 479 2265 1817 2324; baseline -0.001 -16"><span class='ocrx_word' id='word_1_194' title='bbox 479 2280 580 2308; x_wconf 88' lang='lat' dir='ltr'>cum</span> <span class='ocrx_word' id='word_1_195' title='bbox 616 2265 763 2307; x_wconf 88' lang='lat' dir='ltr'>omnia</span> <span class='ocrx_word' id='word_1_196' title='bbox 794 2265 1026 2309; x_wconf 85' lang='lat' dir='ltr'>individua</span> <span class='ocrx_word' id='word_1_197' title='bbox 1050 2266 1247 2309; x_wconf 86' lang='lat' dir='ltr'>eiusdem</span> <span class='ocrx_word' id='word_1_198' title='bbox 1280 2266 1446 2324; x_wconf 80' lang='lat' dir='ltr'>speciei</span> <span class='ocrx_word' id='word_1_199' title='bbox 1475 2271 1576 2309; x_wconf 82' lang='lat' dir='ltr'>sunt</span> <span class='ocrx_word' id='word_1_200' title='bbox 1608 2266 1817 2324; x_wconf 88' lang='lat' dir='ltr'>quodam·</span> 
     </span>
    </p>
   </div>
   <div class='ocr_carea' id='block_1_9' title="bbox 479 2335 1874 2394">
    <p class='ocr_par' dir='ltr' id='par_1_11' title="bbox 479 2335 1874 2394">
     <span class='ocr_line' id='line_1_30' title="bbox 479 2335 1874 2394; baseline -0.001 -16"><span class='ocrx_word' id='word_1_201' title='bbox 479 2336 612 2379; x_wconf 90' lang='lat' dir='ltr'>modo</span> <span class='ocrx_word' id='word_1_202' title='bbox 651 2335 820 2391; x_wconf 88' lang='lat' dir='ltr'>eadem,</span> <span class='ocrx_word' id='word_1_203' title='bbox 856 2342 898 2378; x_wconf 93' lang='lat' dir='ltr'>et</span> <span class='ocrx_word' id='word_1_204' title='bbox 921 2337 983 2379; x_wconf 84' lang='lat' dir='ltr'>sic</span> <span class='ocrx_word' id='word_1_205' title='bbox 1011 2337 1151 2392; x_wconf 89' lang='lat' dir='ltr'>idem;</span> <span class='ocrx_word' id='word_1_206' title='bbox 1173 2337 1310 2380; x_wconf 90' lang='lat' dir='ltr'>tercia</span> <span class='ocrx_word' id='word_1_207' title='bbox 1330 2336 1614 2394; x_wconf 85' lang='lat' dir='ltr'>ydemptitas,</span> <span class='ocrx_word' id='word_1_208' title='bbox 1639 2336 1815 2394; x_wconf 89' lang='lat' dir='ltr'>quando</span> <span class='ocrx_word' id='word_1_209' title='bbox 1830 2345 1874 2377; x_wconf 82' lang='lat'>30</span> 
     </span>
    </p>
   </div>
   <div class='ocr_carea' id='block_1_10' title="bbox 1826 1329 1968 1410">
    <p class='ocr_par' dir='ltr' id='par_1_12' title="bbox 1826 1329 1968 1410">
     <span class='ocr_line' id='line_1_31' title="bbox 1885 1329 1916 1362; baseline 0 0"><span class='ocrx_word' id='word_1_210' title='bbox 1885 1329 1916 1362; x_wconf 82' lang='lat' dir='ltr'>A</span> 
     </span>
     <span class='ocr_line' id='line_1_32' title="bbox 1826 1375 1968 1410; baseline 0.007 -1"><span class='ocrx_word' id='word_1_211' title='bbox 1826 1376 1888 1410; x_wconf 85' lang='lat' dir='ltr'>fol.</span> <span class='ocrx_word' id='word_1_212' title='bbox 1906 1375 1968 1410; x_wconf 68' lang='lat' dir='ltr'>59b</span> 
     </span>
    </p>
   </div>
   <div class='ocr_carea' id='block_1_11' title="bbox 487 2408 759 2412">
    <p class='ocr_par' dir='ltr' id='par_1_13' title="bbox 487 2408 759 2412">
     <span class='ocr_line' id='line_1_33' title="bbox 487 2408 759 2412; baseline 0 0"><span class='ocrx_word' id='word_1_213' title='bbox 487 2408 759 2412; x_wconf 95' lang='lat' dir='ltr'> </span> 
     </span>
    </p>
   </div>
   <div class='ocr_carea' id='block_1_12' title="bbox 483 2430 1818 2886">
    <p class='ocr_par' dir='ltr' id='par_1_14' title="bbox 483 2430 1818 2886">
     <span class='ocr_line' id='line_1_34' title="bbox 575 2430 1817 2474; baseline 0.002 -12"><span class='ocrx_word' id='word_1_214' title='bbox 575 2432 604 2462; x_wconf 92' lang='lat'>1.</span> <span class='ocrx_word' id='word_1_215' title='bbox 633 2430 783 2463; x_wconf 89' lang='lat' dir='ltr'>verbum</span> <span class='ocrx_word' id='word_1_216' title='bbox 811 2431 904 2462; x_wconf 91' lang='lat' dir='ltr'>enim</span> <span class='ocrx_word' id='word_1_217' title='bbox 931 2434 984 2464; x_wconf 88' lang='lat' dir='ltr'>est</span> <span class='ocrx_word' id='word_1_218' title='bbox 1009 2430 1153 2472; x_wconf 82' lang='lat' dir='ltr'>OPPr,</span> <span class='ocrx_word' id='word_1_219' title='bbox 1180 2434 1234 2464; x_wconf 86' lang='lat' dir='ltr'>est</span> <span class='ocrx_word' id='word_1_220' title='bbox 1259 2432 1373 2464; x_wconf 83' lang='lat' dir='ltr'>eciam</span> <span class='ocrx_word' id='word_1_221' title='bbox 1399 2431 1556 2474; x_wconf 86' lang='lat' dir='ltr'>triplices</span> <span class='ocrx_word' id='word_1_222' title='bbox 1581 2432 1621 2465; x_wconf 92' lang='lat' dir='ltr'>B.</span> <span class='ocrx_word' id='word_1_223' title='bbox 1705 2434 1739 2465; x_wconf 83' lang='lat'>2.</span> <span class='ocrx_word' id='word_1_224' title='bbox 1766 2434 1817 2465; x_wconf 87' lang='lat' dir='ltr'>est</span> 
     </span>
     <span class='ocr_line' id='line_1_35' title="bbox 483 2488 1816 2535; baseline 0.001 -13"><span class='ocrx_word' id='word_1_225' title='bbox 483 2501 545 2523; x_wconf 83' lang='lat' dir='ltr'>om.</span> <span class='ocrx_word' id='word_1_226' title='bbox 573 2489 601 2521; x_wconf 90' lang='lat' dir='ltr'>B</span> <span class='ocrx_word' id='word_1_227' title='bbox 618 2489 657 2522; x_wconf 90' lang='lat' dir='ltr'>P.</span> <span class='ocrx_word' id='word_1_228' title='bbox 684 2489 878 2521; x_wconf 84' lang='lat' dir='ltr'>verbaliter</span> <span class='ocrx_word' id='word_1_229' title='bbox 902 2488 943 2522; x_wconf 90' lang='lat' dir='ltr'>A.</span> <span class='ocrx_word' id='word_1_230' title='bbox 1042 2492 1096 2522; x_wconf 90' lang='lat'>10.</span> <span class='ocrx_word' id='word_1_231' title='bbox 1125 2490 1220 2533; x_wconf 89' lang='lat' dir='ltr'>quod</span> <span class='ocrx_word' id='word_1_232' title='bbox 1235 2495 1265 2524; x_wconf 71' lang='lat' dir='ltr'>et</span> <span class='ocrx_word' id='word_1_233' title='bbox 1291 2491 1335 2523; x_wconf 86' lang='lat' dir='ltr'>sit</span> <span class='ocrx_word' id='word_1_234' title='bbox 1359 2492 1397 2523; x_wconf 79' lang='lat' dir='ltr'>in</span> <span class='ocrx_word' id='word_1_235' title='bbox 1423 2496 1517 2526; x_wconf 72' lang='lat' dir='ltr'>ceaecu</span> <span class='ocrx_word' id='word_1_236' title='bbox 1543 2503 1619 2534; x_wconf 71' lang='lat' dir='ltr'>om,</span> <span class='ocrx_word' id='word_1_237' title='bbox 1644 2492 1683 2523; x_wconf 78' lang='lat' dir='ltr'>in</span> <span class='ocrx_word' id='word_1_238' title='bbox 1708 2503 1816 2535; x_wconf 73' lang='lat' dir='ltr'>mary.</span> 
     </span>
     <span class='ocr_line' id='line_1_36' title="bbox 483 2548 1817 2592; baseline 0.001 -11"><span class='ocrx_word' id='word_1_239' title='bbox 483 2549 597 2581; x_wconf 75' lang='lat' dir='ltr'>altera</span> <span class='ocrx_word' id='word_1_240' title='bbox 633 2559 677 2580; x_wconf 82' lang='lat' dir='ltr'>m.</span> <span class='ocrx_word' id='word_1_241' title='bbox 721 2548 805 2581; x_wconf 76' lang='lat' dir='ltr'>add.</span> <span class='ocrx_word' id='word_1_242' title='bbox 845 2549 881 2580; x_wconf 75' lang='lat' dir='ltr'>in</span> <span class='ocrx_word' id='word_1_243' title='bbox 920 2548 992 2582; x_wconf 79' lang='lat' dir='ltr'>cod.</span> <span class='ocrx_word' id='word_1_244' title='bbox 1032 2548 1073 2589; x_wconf 90' lang='lat' dir='ltr'>P,</span> <span class='ocrx_word' id='word_1_245' title='bbox 1111 2549 1207 2592; x_wconf 88' lang='lat' dir='ltr'>quod</span> <span class='ocrx_word' id='word_1_246' title='bbox 1233 2561 1296 2583; x_wconf 83' lang='lat' dir='ltr'>om.</span> <span class='ocrx_word' id='word_1_247' title='bbox 1328 2549 1386 2584; x_wconf 88' lang='lat' dir='ltr'>Pr.</span> <span class='ocrx_word' id='word_1_248' title='bbox 1484 2551 1539 2583; x_wconf 92' lang='lat'>11.</span> <span class='ocrx_word' id='word_1_249' title='bbox 1566 2551 1662 2583; x_wconf 89' lang='lat' dir='ltr'>omni</span> <span class='ocrx_word' id='word_1_250' title='bbox 1688 2562 1750 2583; x_wconf 88' lang='lat' dir='ltr'>om.</span> <span class='ocrx_word' id='word_1_251' title='bbox 1777 2551 1817 2583; x_wconf 91' lang='lat' dir='ltr'>B.</span> 
     </span>
     <span class='ocr_line' id='line_1_37' title="bbox 484 2606 1818 2652; baseline 0.002 -13"><span class='ocrx_word' id='word_1_252' title='bbox 484 2608 537 2639; x_wconf 84' lang='lat'>19.</span> <span class='ocrx_word' id='word_1_253' title='bbox 566 2606 846 2649; x_wconf 85' lang='lat' dir='ltr'>quadrupliciter</span> <span class='ocrx_word' id='word_1_254' title='bbox 872 2606 1000 2639; x_wconf 88' lang='lat' dir='ltr'>dicitur</span> <span class='ocrx_word' id='word_1_255' title='bbox 1025 2607 1064 2641; x_wconf 84' lang='lat' dir='ltr'>B.</span> <span class='ocrx_word' id='word_1_256' title='bbox 1160 2608 1215 2640; x_wconf 83' lang='lat'>20.</span> <span class='ocrx_word' id='word_1_257' title='bbox 1243 2608 1378 2651; x_wconf 84' lang='lat' dir='ltr'>aliquid</span> <span class='ocrx_word' id='word_1_258' title='bbox 1398 2620 1461 2641; x_wconf 85' lang='lat' dir='ltr'>om.</span> <span class='ocrx_word' id='word_1_259' title='bbox 1480 2609 1522 2642; x_wconf 89' lang='lat' dir='ltr'>A.</span> <span class='ocrx_word' id='word_1_260' title='bbox 1606 2610 1661 2642; x_wconf 84' lang='grc'>21.</span> <span class='ocrx_word' id='word_1_261' title='bbox 1690 2620 1818 2652; x_wconf 81' lang='lat' dir='ltr'>genere</span> 
     </span>
     <span class='ocr_line' id='line_1_38' title="bbox 485 2666 1816 2711; baseline 0.002 -13"><span class='ocrx_word' id='word_1_262' title='bbox 485 2667 602 2708; x_wconf 84' lang='lat' dir='ltr'>specie</span> <span class='ocrx_word' id='word_1_263' title='bbox 629 2669 663 2698; x_wconf 89' lang='lat' dir='ltr'>et</span> <span class='ocrx_word' id='word_1_264' title='bbox 688 2667 724 2697; x_wconf 91' lang='lat' dir='ltr'>in</span> <span class='ocrx_word' id='word_1_265' title='bbox 749 2666 791 2708; x_wconf 89' lang='lat' dir='ltr'>A,</span> <span class='ocrx_word' id='word_1_266' title='bbox 818 2676 946 2708; x_wconf 83' lang='lat' dir='ltr'>genere</span> <span class='ocrx_word' id='word_1_267' title='bbox 965 2667 1082 2708; x_wconf 87' lang='lat' dir='ltr'>specie</span> <span class='ocrx_word' id='word_1_268' title='bbox 1100 2677 1246 2699; x_wconf 90' lang='lat' dir='ltr'>numero</span> <span class='ocrx_word' id='word_1_269' title='bbox 1265 2667 1305 2707; x_wconf 88' lang='lat' dir='ltr'>P,</span> <span class='ocrx_word' id='word_1_270' title='bbox 1322 2678 1469 2700; x_wconf 87' lang='lat' dir='ltr'>numero</span> <span class='ocrx_word' id='word_1_271' title='bbox 1497 2668 1633 2701; x_wconf 79' lang='lat' dir='ltr'>scilicet</span> <span class='ocrx_word' id='word_1_272' title='bbox 1658 2669 1816 2711; x_wconf 82' lang='lat' dir='ltr'>supposi-</span> 
     </span>
     <span class='ocr_line' id='line_1_39' title="bbox 484 2723 1815 2768; baseline 0.004 -12"><span class='ocrx_word' id='word_1_273' title='bbox 484 2726 548 2757; x_wconf 83' lang='lat' dir='ltr'>tati</span> <span class='ocrx_word' id='word_1_274' title='bbox 575 2723 607 2757; x_wconf 90' lang='lat' dir='ltr'><strong>A</strong></span> <span class='ocrx_word' id='word_1_275' title='bbox 627 2724 665 2764; x_wconf 83' lang='lat' dir='ltr'>C,</span> <span class='ocrx_word' id='word_1_276' title='bbox 692 2725 811 2767; x_wconf 87' lang='lat' dir='ltr'>specie</span> <span class='ocrx_word' id='word_1_277' title='bbox 844 2728 878 2756; x_wconf 90' lang='lat' dir='ltr'>et</span> <span class='ocrx_word' id='word_1_278' title='bbox 903 2736 1050 2757; x_wconf 87' lang='lat' dir='ltr'>numero</span> <span class='ocrx_word' id='word_1_279' title='bbox 1077 2726 1116 2758; x_wconf 90' lang='lat' dir='ltr'>P.</span> <span class='ocrx_word' id='word_1_280' title='bbox 1192 2727 1246 2758; x_wconf 83' lang='grc'>25.</span> <span class='ocrx_word' id='word_1_281' title='bbox 1273 2736 1314 2758; x_wconf 88' lang='lat' dir='ltr'>ae</span> <span class='ocrx_word' id='word_1_282' title='bbox 1334 2738 1405 2768; x_wconf 77' lang='lat' dir='ltr'>pro</span> <span class='ocrx_word' id='word_1_283' title='bbox 1430 2730 1468 2759; x_wconf 88' lang='lat' dir='ltr'>ut</span> <span class='ocrx_word' id='word_1_284' title='bbox 1502 2727 1540 2760; x_wconf 87' lang='lat' dir='ltr'>C.</span> <span class='ocrx_word' id='word_1_285' title='bbox 1614 2729 1668 2760; x_wconf 83' lang='lat'>27.</span> <span class='ocrx_word' id='word_1_286' title='bbox 1696 2740 1815 2761; x_wconf 88' lang='lat' dir='ltr'>eorum</span> 
     </span>
     <span class='ocr_line' id='line_1_40' title="bbox 483 2783 1817 2830; baseline 0.004 -15"><span class='ocrx_word' id='word_1_287' title='bbox 483 2783 522 2815; x_wconf 91' lang='lat' dir='ltr'>B.</span> <span class='ocrx_word' id='word_1_288' title='bbox 666 2784 722 2816; x_wconf 84' lang='grc'>29.</span> <span class='ocrx_word' id='word_1_289' title='bbox 759 2783 995 2816; x_wconf 84' lang='lat' dir='ltr'>indivisibilia</span> <span class='ocrx_word' id='word_1_290' title='bbox 1031 2783 1071 2817; x_wconf 88' lang='lat' dir='ltr'>A.</span> <span class='ocrx_word' id='word_1_291' title='bbox 1170 2785 1224 2817; x_wconf 82' lang='lat'>29.</span> <span class='ocrx_word' id='word_1_292' title='bbox 1252 2786 1305 2817; x_wconf 91' lang='grc'>30.</span> <span class='ocrx_word' id='word_1_293' title='bbox 1345 2785 1501 2828; x_wconf 84' lang='lat' dir='ltr'>quelibet</span> <span class='ocrx_word' id='word_1_294' title='bbox 1537 2786 1621 2828; x_wconf 92' lang='lat' dir='ltr'>BP,</span> <span class='ocrx_word' id='word_1_295' title='bbox 1659 2787 1817 2830; x_wconf 70' lang='lat' dir='ltr'>qualibet</span> 
     </span>
     <span class='ocr_line' id='line_1_41' title="bbox 484 2841 1370 2886; baseline 0.005 -13"><span class='ocrx_word' id='word_1_296' title='bbox 484 2842 557 2885; x_wconf 58' lang='lat' dir='ltr'>(eie)</span> <span class='ocrx_word' id='word_1_297' title='bbox 587 2842 624 2883; x_wconf 89' lang='lat' dir='ltr'>C,</span> <span class='ocrx_word' id='word_1_298' title='bbox 660 2841 819 2884; x_wconf 76' lang='lat' dir='ltr'>quolibet</span> <span class='ocrx_word' id='word_1_299' title='bbox 847 2853 935 2875; x_wconf 76' lang='lat' dir='ltr'>corr.</span> <span class='ocrx_word' id='word_1_300' title='bbox 962 2845 1000 2876; x_wconf 76' lang='lat' dir='ltr'>in</span> <span class='ocrx_word' id='word_1_301' title='bbox 1026 2844 1287 2886; x_wconf 81' lang='lat' dir='ltr'>quodammodo</span> <span class='ocrx_word' id='word_1_302' title='bbox 1313 2845 1370 2876; x_wconf 84' lang='lat' dir='ltr'>Pr.</span> 
     </span>
    </p>
   </div>
  </div>
 </body>
</html>
