2035 3359
223 194 277 231 90
939 203 1177 236 „IOHANNIS
1204 203 1388 237 W1cL1F.
1677 195 1775 250 [CAP.
1802 205 1840 234 v.

246 319 470 385 ssgrffevgssraff
500 320 555 348 ex
600 307 696 362 hoc,
748 308 868 366 quod
915 308 1043 351 aliter
1085 323 1172 351 non
1235 309 1564 368 qualescunque
1610 314 1840 369 ymagines

218 390 317 420 things
340 385 772 449 grielatandapparerent
804 380 847 420 in
880 380 988 436 ipsa.
1034 379 1120 421 Pro
1172 381 1293 422 cuius
1328 381 1553 424 intellectu
1584 384 1839 438 notandum,

311 431 375 449 ΞΜ
403 444 408 449 ’
512 449 629 504 quod
664 450 729 491 vis
761 450 1061 506 ymaginativa
1092 451 1234 493 anime
1268 457 1333 493 est
1366 453 1490 509 quasi
1523 453 1764 510 speculum,
1798 455 1840 496 in

511 535 596 576 quo
650 520 847 563 relucent
907 522 1149 563 secundum
1209 523 1378 579 species
1436 523 1544 566 inibi
1603 526 1841 567 existentes

511 589 850 648 qualiacumque
878 591 1194 648 ymaginabilia
1228 593 1301 648 sic,
1339 595 1456 649 quod
1490 594 1701 637 infinitum
1725 610 1876 651 mag-5

508 675 611 702 num
664 668 706 703 et
753 662 968 704 infinitum
1027 678 1211 718 parvum
1258 665 1469 720 contingit
1520 680 1842 722 quemcumque

509 731 750 788 imaginari.
798 733 1001 776 Secundo
1036 735 1292 790 notandum,
1328 736 1447 792 quod
1480 751 1608 779 omne
1639 736 1842 779 relucens

510 804 553 845 in
571 804 751 860 speculo
768 819 982 861 corporeo
1001 806 1244 847 secundum
1260 807 1430 863 species
1448 813 1650 863 receptas
1669 812 1844 864 oportet

510 874 844 932 proporcionari
889 876 932 916 in
977 877 1220 932 quantitate
1264 876 1326 918 illi
1370 876 1550 933 speculo
1599 877 1841 920 secundum

511 945 700 986 dandam
757 945 1098 1002 proporcionem
1164 948 1341 989 maioris
1406 947 1703 1005 inequalitatis
1772 947 1902 994 vello

508 1017 689 1058 minoris
722 1016 777 1057 ad
811 1016 1050 1073 speculum.
1086 1016 1227 1060 Aliter
1250 1018 1364 1059 enim
1394 1018 1511 1061 basis
1535 1019 1675 1074 primo
1701 1017 1842 1061 multi-

508 1087 683 1145 plicatis
707 1087 901 1143 speciem
921 1102 1007 1129 non
1032 1094 1257 1144 aptaretur
1279 1090 1394 1145 parti
1418 1089 1598 1146 speculi,
1622 1089 1677 1131 ad
1711 1104 1843 1145 quam

509 1157 752 1200 reflectitur
794 1172 957 1214 ymago
1005 1158 1246 1201 secundum
1294 1160 1560 1202 incidencias
1604 1160 1842 1214 radiorum,

511 1229 587 1271 sed
624 1228 927 1271 indifferenter
951 1228 1273 1286 quantumlibet
1294 1245 1501 1285 magnum
1535 1236 1769 1288 appareret
1800 1231 1843 1271 in

512 1298 710 1357 quolibet
751 1298 929 1356 speculo
974 1299 1207 1342 cuiuslibet
1247 1302 1512 1357 quantitatis,
1547 1308 1594 1343 ut
1624 1307 1900 1346 noverunt15

509 1370 790 1427 perspectivi.
814 1370 886 1411 Ex
908 1370 1002 1412 istis
1024 1371 1289 1413 formaretur
1305 1373 1367 1414 sic
1382 1373 1499 1414 racio
1525 1373 1840 1428 cuiuscumque

510 1440 677 1499 speculi
711 1441 914 1497 corporei
957 1441 1014 1482 ad
1058 1441 1310 1498 speculum:
1356 1444 1399 1485 in
1446 1458 1495 1485 eo
1536 1449 1709 1500 oportet
1741 1458 1837 1485 esse

509 1511 737 1554 limitatam
771 1513 1109 1569 proporcionem
1155 1514 1407 1569 quantitatis
1441 1513 1495 1555 ad
1528 1513 1838 1570 apparenciam

511 1583 765 1640 quantitatis
796 1584 1028 1639 ymaginis.
1062 1583 1149 1626 Sed
1176 1584 1237 1626 sic
1258 1599 1346 1626 non
1379 1591 1553 1641 oportet
1586 1585 1641 1627 de
1672 1586 1839 1642 ymagi-

509 1654 660 1696 nativa
706 1654 852 1711 quoad
902 1653 1264 1711 specularitatem
1295 1656 1338 1696 in
1372 1656 1467 1712 ipsa
1489 1654 1701 1712 lucencia‚
1737 1671 1839 1711 ergo
1854 1668 1902 1700 20

511 1740 596 1767 non
630 1725 884 1781 quantitatis
925 1740 1154 1782 corporee.
1217 1725 1276 1767 Et
1315 1726 1431 1768 idem
1470 1732 1617 1782 potest
1657 1727 1752 1783 capi
1787 1727 1841 1768 de

510 1796 747 1854 speciebus
787 1796 829 1837 in
881 1796 1195 1851 ymaginativa,
1252 1811 1436 1853 quarum
1492 1796 1687 1853 quelibet
1738 1812 1842 1854 pars

512 1867 801 1924 quantitativa
847 1882 1023 1924 semper
1069 1866 1293 1909 sufficeret
1340 1882 1453 1924 eque
1499 1867 1696 1924 reputari
1743 1882 1840 1909 sen-

510 1937 648 1980 sibilis
683 1953 781 1980 cum
817 1937 1021 1980 omnibus
1068 1937 1162 1979 eius
1195 1938 1509 1994 appendenciis
1543 1938 1654 1980 sicut
1686 1943 1840 1980 totum.

511 2007 620 2051 Cum
658 2023 762 2063 ergo
795 2007 902 2049 nihil
939 2007 1212 2065 superfluum
1247 2014 1313 2050 est
1344 2008 1388 2050 in
1422 2015 1592 2065 natura,
1628 2008 1841 2065 sequitur,
1859 2023 1902 2053 25

511 2078 628 2135 quod
662 2078 704 2120 in
742 2084 832 2120 tam
874 2078 1023 2120 subtili
1069 2085 1269 2121 creatura
1312 2094 1396 2121 non
1443 2086 1508 2122 est
1553 2080 1658 2122 dare
1692 2094 1842 2135 super-

510 2149 722 2191 fluitatem
776 2148 1030 2191 huiusmodi
1063 2156 1400 2192 monstruosam.

228 2243 487 2278 11100rmpt1b51sty
568 2220 639 2262 Ex
685 2220 778 2261 istis
826 2220 1038 2276 sequitur,
1085 2220 1203 2276 quod
1255 2236 1341 2262 non
1387 2236 1443 2262 ex
1494 2219 1842 2263 indivisibilitate

242 2280 473 2340 1¹13⁹fe¹ssssgd¹‘}s2{1
511 2290 666 2332 molari
717 2290 858 2332 forme
918 2291 1117 2346 arguitur
1176 2292 1269 2333 eius
1329 2290 1719 2347 incorruptibilitas
1772 2290 1842 2333 vel

221 2349 448 2383 indivisibility,
464 2358 496 2376 or

255 2385 305 2410 the
325 2393 458 2411 reverse.

561 2445 589 2474 1.
628 2443 919 2484 ymaginaciones
957 2442 1015 2483 Pr,
1066 2442 1349 2475 convalescimus
1392 2454 1462 2485 pro
1502 2442 1769 2485 qualescunque
1803 2443 1843 2476 Β.

511 2503 543 2533 2.
570 2500 817 2532 declaracionc
847 2512 916 2541 pro
941 2501 1138 2533 intellectu.
1236 2504 1267 2534 3.
1295 2502 1412 2533 anime
1437 2513 1499 2533 om.
1528 2501 1555 2532 B
1572 2500 1610 2533 C.
1707 2503 1739 2534 4.
1764 2507 1844 2544 post

513 2560 701 2591 existentes
728 2559 811 2591 add.
839 2558 1041 2601 significant
1067 2559 1103 2591 C.
1172 2562 1223 2591 10.
1252 2560 1456 2602 equalitatis
1482 2560 1541 2592 Pr.
1605 2561 1659 2600 11,
1680 2562 1729 2592 12.
1756 2560 1844 2592 mul-

511 2618 688 2659 tiplicatas
704 2618 761 2649 Pr.
812 2619 864 2649 12.
882 2621 1088 2660 apptaretur
1102 2622 1248 2660 apptare
1262 2619 1319 2651 Pr.
1372 2620 1423 2651 16.
1441 2619 1642 2660 suspective
1652 2618 1691 2650 A.
1742 2619 1788 2650 Et
1803 2630 1843 2651 ex

513 2678 568 2708 Pr.
619 2677 789 2709 formetur
809 2677 849 2708 A.
901 2677 1000 2708 form.
1030 2677 1070 2708 B.
1122 2678 1175 2710 18.
1203 2678 1412 2719 quantitatis
1435 2678 1651 2719 apparencia
1672 2677 1700 2708 A
1716 2677 1744 2709 B
1762 2677 1843 2709 GP.

510 2737 564 2767 20.
585 2734 819 2776 speculariter
844 2733 874 2766 A
890 2733 928 2776 C,
956 2735 1133 2777 speculari
1160 2736 1196 2766 in
1225 2745 1267 2767 ea
1290 2734 1316 2766 C
1333 2736 1390 2775 Pr,
1417 2746 1487 2767 non
1508 2738 1561 2767 est
1580 2736 1788 2777 quantitatis
1809 2739 1844 2767 et

507 2793 621 2824 eidcm
643 2792 720 2833 (sic)
736 2793 793 2823 Pr.
891 2794 947 2825 23.
975 2804 1114 2835 semper
1139 2805 1202 2825 om.
1230 2794 1257 2825 B
1274 2793 1300 2825 C
1318 2794 1344 2825 P
1360 2795 1416 2825 Pr.
1514 2797 1680 2835 reputare
1697 2793 1724 2825 C
1739 2794 1767 2825 P
1787 2795 1832 2825 Pr

506 2853 561 2883 24.
591 2852 760 2884 sensibile
788 2852 813 2884 C
844 2853 889 2884 l'r
1000 2852 1253 2894 appendenciis
1282 2872 1322 2875 -
1351 2853 1512 2895 sequitur
1549 2863 1612 2884 om.
1637 2853 1694 2885 Pr.
