2035 3359
161 191 239 227 118
882 182 1121 216 JOHANNIS
1147 182 1334 215 WICLIF.
1607 193 1691 219 GAP.
1714 192 1780 218 VII.

449 304 659 359 seipsum.
693 302 753 344 Et
784 303 907 345 iuxta
930 301 1014 344 hoc
1036 302 1277 344 notandum
1302 309 1431 357 esset,
1466 303 1581 360 quod
1617 302 1785 346 Cristus

450 380 516 416 est
547 372 873 415 indivisibiliter
905 388 985 430 per
1009 388 1055 415 se
1087 375 1229 430 ipsum
1266 379 1308 415 et
1339 375 1398 416 ita
1431 374 1486 416 de
1519 374 1690 416 ceteris.

170 456 424 524 ssisstiissnifo‘tnii
509 444 581 486 Ex
614 444 707 486 istis
739 444 919 487 videtur
950 443 1084 486 michi
1116 449 1362 501 patescere,
1398 445 1517 501 quod
1551 443 1787 487 decretalis

175 527 424 595 izsfeltgghgofioyrm
451 529 538 557 non
571 515 627 556 sit
649 513 875 556 salvabilis
908 515 944 556 si
976 529 1062 557 non
1094 514 1151 556 ad
1176 529 1351 557 sensum
1386 516 1650 572 expositum,
1686 516 1789 572 quia

191 600 274 637 sjnee
294 598 318 623 it
338 605 407 630 may
455 591 623 627 certum
659 591 738 640 est,
772 585 891 641 quod
924 584 997 627 ille
1031 592 1206 629 creatus
1240 592 1283 627 et
1315 585 1574 628 immortalis
1609 587 1823 643 spiritus6

161 633 539 699 ‘Mtseparately'non
573 662 639 698 est
670 671 751 713 per
784 671 830 698 se
865 663 907 699 et
940 656 1238 699 essencialiter
1269 656 1411 699 forma
1444 658 1656 714 corporis,
1690 673 1788 700 eum

455 726 538 769 sibi
561 727 972 782 contingentissima
993 728 1155 770 unione
1179 728 1235 770 sit
1257 728 1399 770 forma
1422 728 1634 785 corporis.
1657 728 1788 771 Unde

236 810 363 871 ¹23¹th
456 798 555 839 dem
589 798 708 854 quod
740 797 969 841 Johannes
1002 798 1180 841 Andree
1215 799 1320 841 dicit
1364 799 1444 842 sub
1492 799 1577 842 hiis
1621 800 1787 855 verbis,

196 880 404 921 qombipatiop
456 868 657 910 similiter
688 869 913 911 sentencia
935 870 1074 912 saneti
1102 869 1302 913 Thomae
1334 885 1422 913 non
1445 870 1623 913 videtur
1655 870 1789 913 miehi

169 917 428 977 ἷῖηέεὸῗὲῗῗὲῗιῖῗ
455 939 712 982 satisfacere
744 940 908 995 dicens,
941 939 1055 982 sicut
1084 955 1165 997 per
1188 955 1235 982 se
1257 939 1358 983 leve
1391 941 1606 995 ascendit,
1641 947 1789 983 tamen
1807 948 1849 979 10

191 987 290 1013 Ostha
312 987 403 1020 bOdy'
459 1024 557 1053 cum
590 1009 676 1052 hoc
710 1016 857 1065 potest
887 1025 977 1053 non
1016 1011 1258 1053 ascendere
1299 1017 1474 1055 servato
1512 1028 1596 1055 usu
1636 1019 1679 1055 et
1717 1028 1790 1070 ap-

455 1080 643 1123 titudine
690 1081 747 1123 ad
789 1096 1035 1136 ascensum,
1080 1082 1143 1123 sic
1192 1082 1369 1140 spiritus
1422 1097 1504 1139 per
1549 1098 1596 1125 se
1649 1090 1795 1126 actuat

457 1166 629 1209 corpus,
662 1150 767 1194 licet
798 1152 937 1208 possit
975 1167 1001 1194 a
1041 1166 1228 1209 corpore
1269 1153 1466 1209 separari
1512 1159 1690 1196 servata
1732 1154 1794 1195 in-

196 1232 235 1259 So
255 1233 405 1266 lightness
457 1222 701 1266 clinacione
746 1229 790 1265 et
837 1223 1084 1280 aptitudine
1128 1230 1177 1266 ut
1221 1223 1441 1266 informet.
1503 1223 1616 1266 Nam
1664 1223 1796 1266 valde

175 1268 431 1337 ῗιιῑῖῗεῖἷοῗὲὶὲἓῐ
459 1295 673 1351 equivoee
723 1308 805 1351 per
848 1310 895 1337 se
939 1294 1138 1338 ascendit
1188 1293 1289 1336 leve
1336 1301 1379 1337 et
1424 1301 1573 1337 actuat
1628 1294 1796 1338 formae
1814 1300 1856 1332 15

164 1341 443 1402 ἢῖιοιῖἓᾱιῖωὲἷοιξΐῃ
459 1364 697 1408 materialis
722 1380 850 1407 suum
874 1365 1135 1422 subiectum,
1171 1367 1272 1422 quia
1293 1381 1373 1421 per
1405 1366 1593 1423 primam
1624 1372 1797 1423 partem

235 1414 371 1444 prema
457 1451 546 1479 non
579 1435 832 1478 excluditur
879 1451 961 1493 per
1007 1437 1227 1492 accidens,
1274 1452 1373 1478 cum
1419 1442 1568 1493 preter
1611 1436 1798 1479 formam

458 1507 569 1551 levis
604 1507 845 1564 requiritur
877 1508 1019 1550 forma
1050 1513 1196 1549 motus
1228 1507 1446 1562 medians,
1476 1522 1564 1564 qua
1587 1507 1798 1562 ascendit,

460 1584 503 1621 et
534 1577 612 1620 illa
643 1578 785 1621 mocio
821 1578 1105 1634 distinguitur
1129 1593 1155 1620 a
1177 1578 1390 1634 quiditate
1412 1577 1536 1621 levis.
1569 1578 1637 1620 Ita
1668 1579 1800 1634 igitur

458 1655 610 1706 preter
654 1649 856 1705 spiritum
913 1655 1089 1706 oportet
1146 1664 1314 1706 ponere
1367 1649 1685 1692 animacionem
1739 1649 1800 1690 di·
1817 1654 1861 1686 20

461 1720 684 1775 stinctam,
717 1720 960 1763 secundum
996 1736 1127 1778 quam
1160 1720 1409 1763 subiectum
1432 1720 1685 1763 immediate
1716 1720 1803 1763 for-

460 1789 639 1833 maliter
672 1797 716 1834 et
747 1807 829 1848 per
861 1807 908 1834 se
930 1792 1181 1834 necessario
1205 1791 1478 1847 informetur,
1512 1797 1556 1835 et
1586 1790 1686 1835 talis
1720 1791 1802 1834 dis-

462 1862 632 1919 posicio
666 1867 733 1904 est
776 1862 943 1915 anima;
990 1877 1077 1905 non
1122 1869 1270 1905 autem
1303 1878 1383 1918 per
1414 1878 1461 1905 se
1493 1861 1592 1905 talis
1625 1862 1803 1918 spiritus

460 1931 736 1975 immortalis.
804 1932 927 1975 Sicut
972 1948 1076 1989 ergo
1127 1932 1296 1976 nullum
1341 1932 1440 1977 leve
1485 1938 1688 1976 movetur
1725 1933 1802 1975 im-

463 2003 655 2046 mediate
713 2003 958 2046 formaliter
1006 2010 1081 2047 aut
1138 2002 1441 2047 essencialiter
1499 2003 1694 2055 levitate,
1742 2004 1804 2046 sio
1819 2006 1862 2038 25

462 2089 545 2117 neo
592 2088 753 2131 corpus
806 2074 1061 2117 huiusmodi
1113 2075 1357 2118 formaliter
1409 2074 1709 2117 essencialiter
1762 2080 1806 2117 et

465 2144 754 2201 spiritualiter
771 2146 1002 2202 animatur,
1018 2147 1100 2189 nisi
1117 2146 1297 2204 spiritus
1320 2145 1571 2189 huiusmodi
1585 2146 1805 2202 ydempti-

650 2265 684 2298 8.
716 2263 799 2297 Post
842 2263 948 2298 verba
984 2265 1066 2297 inde
1104 2264 1148 2297 ab
1186 2264 1265 2297 ‘hiis
1305 2264 1429 2298 verbis'
1467 2264 1603 2307 aliquid
1640 2263 1807 2297 excidisse

557 2323 706 2357 videtur.

561 2433 591 2464 1.
617 2430 821 2473 negandum
848 2431 931 2462 BP.
1005 2433 1035 2463 2.
1064 2433 1099 2463 et
1123 2441 1185 2465 om.
1214 2430 1242 2462 A
1259 2430 1286 2461 B
1303 2429 1402 2461 OPr.
1479 2432 1510 2463 6.
1538 2433 1591 2462 est
1616 2440 1679 2461 om.
1706 2428 1807 2468 BPr,

466 2494 497 2524 6.
525 2501 604 2523 cum
622 2509 661 2513 —
680 2490 837 2532 corporis
865 2501 927 2522 om.
956 2489 994 2521 C.
1081 2491 1111 2521 7.
1139 2490 1224 2521 unio
1251 2489 1281 2521 A
1378 2492 1409 2523 8.
1437 2489 1502 2522 sub
1529 2501 1592 2521 om.
1618 2488 1647 2520 B
1665 2487 1808 2521 OPPr.

468 2551 522 2582 10.
550 2548 712 2582 sufficere
739 2548 779 2581 P.
878 2548 1002 2580 dicunt
1027 2548 1055 2580 B
1073 2548 1154 2590 GP,
1181 2548 1302 2581 dicens
1329 2560 1345 2582 e
1372 2548 1495 2581 dicunt
1521 2547 1564 2580 ab
1589 2559 1621 2580 a.
1648 2559 1689 2579 m.
1718 2558 1807 2579 corr.

467 2610 505 2640 in
531 2608 588 2640 Pr.
691 2607 855 2640 ascendit
879 2606 937 2639 vel
963 2607 1015 2639 sic
1041 2610 1160 2639 tamen
1188 2606 1226 2639 O.
1326 2609 1379 2639 11.
1408 2606 1623 2639 descendere
1646 2617 1712 2648 pro
1736 2616 1808 2637 non

471 2667 668 2700 ascendere
706 2667 809 2709 BPr,
851 2677 923 2700 non
950 2677 1012 2698 om.
1047 2667 1086 2698 C.
1230 2667 1309 2698 visu
1347 2666 1388 2707 A,
1427 2667 1505 2698 nisu
1532 2666 1573 2705 B,
1610 2663 1677 2709 bll}
1695 2675 1736 2696 su
1750 2665 1807 2700 Pr.

473 2728 526 2758 12.
554 2736 706 2769 persone
728 2737 800 2767 pro
825 2736 888 2768 per
914 2736 951 2758 se
975 2724 1017 2758 A.
1143 2726 1193 2758 13.
1221 2728 1386 2767 separata
1420 2725 1459 2757 A.
1586 2726 1636 2756 14.
1661 2724 1742 2756 Non
1770 2723 1807 2756 O.

473 2786 525 2818 16.
553 2784 729 2817 materiali
755 2785 796 2817 A.
910 2786 962 2816 19.
997 2783 1111 2816 forma
1142 2795 1211 2826 pro
1236 2785 1351 2817 mocio
1377 2784 1417 2817 P.
1518 2785 1570 2816 19.
1596 2783 1652 2815 Ita
1677 2794 1740 2816 om.
1768 2782 1806 2814 C.

471 2846 525 2876 22.
554 2848 588 2876 et
613 2855 674 2886 per
700 2855 737 2877 se
764 2855 825 2876 om.
855 2844 894 2876 P.
994 2846 1049 2875 26.
1076 2843 1191 2875 forma
1217 2844 1244 2875 B
1273 2847 1308 2876 et
1333 2855 1397 2877 om.
1423 2843 1451 2875 B
1469 2842 1610 2875 GPPr.
