2035 3359
159 204 238 241 108

209 967 266 993 We
286 970 367 993 must

198 1002 382 1034 distinguish

223 1039 365 1064 between

180 1074 325 1106 personal
345 1075 405 1100 and

151 1110 284 1135 abstract
307 1117 430 1142 names3

178 1154 204 1172 e.
226 1154 253 1178 g.
275 1147 359 1182 deity
378 1147 403 1172 is

170 1184 223 1207 not
242 1183 411 1216 humanity‚

178 1217 235 1242 but
253 1218 303 1243 the
323 1225 406 1243 same

170 1260 281 1285 person
300 1254 326 1278 is
348 1253 413 1279 God

214 1288 274 1314 and
294 1289 377 1316 Man.

871 214 1110 248 JOHANNIS
1136 215 1322 249 WICLIF.
1609 203 1707 263 [OAP.
1731 216 1782 242 VI.

444 319 736 376 personaliter
750 320 968 377 copulato,
980 322 1042 363 sic
1055 321 1237 364 indubie
1253 327 1319 364 est
1334 321 1571 365 cuiuslibet
1587 322 1779 366 hominis

444 390 589 432 anima
620 390 892 433 immortalis.
956 391 1015 433 Et
1045 398 1180 449 patet,
1228 393 1347 449 quod
1381 394 1560 450 spiritus
1595 401 1772 437 creatus

445 459 792 518 incorruptibilis
830 467 895 503 est
920 461 1064 503 anima
1088 462 1327 520 corporalis
1357 468 1540 520 propter
1561 464 1781 521 ydempti-

445 531 716 584 ficacionem‚
752 532 864 573 sicut
909 531 1024 574 filius
1069 533 1139 575 dei
1172 532 1453 575 indivisibilis
1488 540 1529 576 et
1562 535 1784 592 incorrup-

446 601 580 643 tibilis
616 602 862 644 secundum
887 602 1097 644 deitatem
1134 609 1201 645 est
1233 603 1375 645 forma
1408 605 1524 648 servi
1560 611 1821 662 assumpta5

447 671 771 730 corruptibilis;
818 679 861 715 et
895 674 1007 715 sicut
1039 672 1112 715 ille
1157 680 1314 716 nature
1348 675 1392 715 in
1426 673 1570 717 Cristo
1605 675 1784 731 disting-

445 749 632 799 Wuntur,
666 742 769 786 licet
802 744 958 786 eadem
995 759 1186 802 persona
1220 745 1275 787 sit
1306 750 1494 803 utraque
1529 746 1784 801 earundem,

446 813 507 855 sic
557 820 716 855 natura
767 828 983 871 corporea
1033 820 1075 857 et
1119 815 1383 872 incorporea
1431 816 1782 873 distingwuntur,

443 883 549 926 licet
583 885 740 927 eadem
772 900 968 941 persona
1001 886 1056 927 sit
1087 891 1281 943 utraque
1315 886 1571 930 earundem.

504 954 635 997 Unde
652 960 826 1012 oportet
845 955 1114 998 attendendo
1138 957 1420 1013 distingwere
1434 958 1477 999 in
1493 957 1578 1000 ista
1601 958 1786 1001 materia
1801 968 1845 1002 10

445 1026 624 1068 nomina
671 1025 925 1082 personalia
971 1033 1013 1069 et
1058 1026 1296 1070 abstracta.
1349 1027 1464 1071 Nam
1497 1028 1610 1071 sicut
1644 1028 1783 1072 deitas

444 1111 531 1139 non
566 1103 712 1153 potest
753 1112 850 1139 esse
883 1096 1146 1152 humanitas,
1189 1099 1250 1140 sio
1293 1114 1377 1142 nec
1416 1099 1508 1142 vita
1540 1098 1783 1157 corporalis

446 1173 594 1223 potest
618 1183 714 1209 esse
738 1167 1045 1225 incorporalis.
1089 1168 1176 1211 Sed
1202 1170 1313 1212 sicut
1350 1170 1394 1212 in
1417 1170 1561 1213 Cristo
1590 1169 1779 1213 verbum

447 1245 512 1280 est
544 1239 721 1294 spiritus
754 1239 988 1295 increatus,
1034 1255 1120 1296 que
1161 1247 1228 1282 est
1272 1241 1418 1283 anima
1460 1240 1592 1283 Cristi
1637 1241 1780 1283 incor-

446 1309 622 1365 poralis,
664 1308 764 1352 licet
796 1315 962 1352 tantum
996 1311 1122 1352 unica
1161 1311 1215 1353 sit
1240 1310 1371 1353 Cristi
1398 1313 1554 1361 anima,
1595 1312 1658 1353 sic
1679 1310 1783 1354 licet
1799 1321 1841 1353 15

446 1380 519 1422 ille
552 1380 730 1436 spiritus
763 1380 1034 1435 immortalis,
1070 1382 1144 1438 qui
1177 1388 1243 1424 est
1270 1397 1459 1439 persona
1491 1382 1692 1438 hominis,
1727 1382 1782 1424 sit

448 1452 541 1494 eius
575 1452 733 1506 anima,
767 1458 915 1494 tamen
938 1458 1106 1494 tantum
1139 1459 1206 1495 θεῖ
1235 1468 1321 1494 una
1355 1453 1501 1495 anima
1534 1453 1779 1495 cuiuscum-

447 1536 531 1578 que
545 1521 747 1564 hominis.
761 1520 920 1564 Anima
943 1524 1056 1564 enim
1068 1523 1252 1565 hominis
1267 1538 1353 1566 non
1370 1530 1435 1566 θεῖ
1449 1524 1530 1565 nisi
1544 1538 1779 1580 personam

444 1592 636 1635 hominis
671 1592 866 1634 animari.
926 1592 984 1635 Et
1027 1609 1124 1635 cum
1168 1593 1464 1650 personalitas
1498 1595 1781 1650 consequitur

444 1661 688 1705 formaliter
703 1663 757 1704 ad
782 1662 905 1704 illum
925 1664 1141 1720 spiritum,
1157 1671 1279 1721 patet
1296 1663 1552 1721 quodillum
1578 1665 1780 1721 spiritum
1795 1675 1838 1706 20

447 1733 631 1775 animari
684 1739 750 1776 θεῖ
802 1734 940 1776 omnis
993 1734 1138 1776 anima
1191 1735 1351 1791 signati
1385 1735 1585 1777 hominis.
1650 1735 1780 1777 Unde

445 1803 560 1847 filius
609 1804 679 1846 dei
730 1819 818 1846 non
869 1805 1034 1860 incepit
1086 1805 1157 1848 vel
1196 1806 1356 1849 desivit
1396 1821 1492 1849 esse
1532 1805 1661 1862 filius,
1701 1820 1782 1848 neo

446 1874 570 1917 multi
609 1874 700 1925 filii,
740 1875 843 1918 licet
887 1875 1149 1932 humanitas,
1197 1892 1282 1934 que
1331 1883 1397 1920 est
1429 1876 1625 1919 mortalis
1665 1876 1780 1919 filius

446 1944 647 2001 hominis,
687 1946 852 2004 incepit
888 1945 960 1990 vel
1000 1947 1160 1990 desivit
1197 1963 1278 2005 pro
1312 1963 1390 1991 suo
1431 1953 1644 2005 tempore.
1710 1947 1781 1989 Sic

448 2017 594 2059 anima
624 2015 815 2060 hominis
850 2018 1046 2061 secundo
1080 2018 1212 2060 modo
1245 2017 1471 2060 intellecta
1502 2033 1588 2060 non
1623 2018 1782 2060 desivit
1796 2027 1838 2058 25

449 2102 546 2129 esse
579 2088 737 2143 anima,
772 2087 876 2132 licet
908 2089 963 2131 sit
1000 2088 1141 2131 forma
1175 2088 1432 2145 corporalis,
1476 2103 1561 2144 que
1602 2088 1779 2143 desivit3

447 2173 529 2200 neo
569 2164 635 2200 est
672 2157 808 2201 multe
859 2159 1017 2214 anime,
1073 2159 1150 2201 sed
1191 2159 1306 2201 sicut
1349 2158 1438 2202 filio
1488 2159 1561 2200 dei
1607 2158 1780 2215 accidit,

450 2228 568 2285 quod
602 2227 657 2270 sit
688 2228 802 2271 filius
834 2228 1038 2283 hominis,
1073 2230 1133 2271 sic
1174 2231 1318 2272 anime
1351 2229 1466 2272 illius
1499 2230 1680 2285 spiritus
1713 2244 1781 2272 ac-

450 2299 567 2353 cidit,
602 2299 721 2356 quod
755 2300 810 2342 sit
843 2300 988 2343 anima
1021 2301 1239 2357 corporis.
1287 2300 1431 2356 Unde,
1468 2301 1569 2357 quia
1602 2301 1781 2357 spiritus

448 2383 529 2426 per
561 2384 608 2411 εθ
641 2370 835 2413 existens
877 2370 987 2414 vivit
1031 2385 1078 2412 se
1123 2371 1220 2427 ipso
1264 2377 1313 2414 ut
1360 2370 1469 2413 deus
1510 2377 1553 2413 et
1583 2368 1780 2426 angelus,
1796 2384 1840 2416 30

448 2440 546 2482 ideo
571 2446 638 2482 est
660 2440 806 2483 anima
833 2441 900 2483 sui
922 2441 1059 2497 ipsius
1083 2447 1125 2484 et
1148 2441 1202 2483 de
1225 2446 1347 2484 tanto
1368 2457 1413 2484 se
1435 2442 1579 2498 ipsum
1604 2441 1779 2483 animat.

497 2629 619 2669 apost
633 2629 775 2670 spiritus
791 2629 873 2661 add.
891 2630 936 2662 sit
960 2629 1001 2662 A.
1074 2632 1106 2662 4.
1134 2632 1165 2661 6.
1193 2630 1431 2671 corruptibilis
1448 2649 1488 2653 —
1505 2629 1781 2671 incorruptibilis

449 2690 584 2719 inverso
610 2687 732 2719 ordine
757 2688 798 2719 A.
866 2690 897 2721 8.
917 2690 947 2719 9.
975 2689 1026 2720 sic
1046 2707 1087 2712 —-
1109 2688 1302 2721 earundem
1320 2700 1383 2721 om.
1410 2687 1439 2719 A
1455 2688 1493 2719 P.
1548 2689 1599 2720 18.
1627 2688 1780 2720 hominis

451 2751 598 2787 utroque
624 2746 693 2777 loco
718 2758 780 2781 om.
808 2747 835 2779 B
852 2747 879 2779 P
893 2747 951 2788 Pr,
978 2747 1093 2789 priore
1119 2746 1197 2779 loco
1218 2746 1256 2780 C.
1323 2748 1377 2779 20.
1398 2746 1492 2789 quod
1511 2758 1572 2778 om.
1593 2746 1620 2777 B
1638 2746 1663 2777 C
1680 2746 1706 2777 P
1723 2746 1779 2778 Pr.

451 2807 505 2837 22.
546 2815 623 2837 esse
660 2804 754 2837 filius
783 2824 824 2829 -
852 2805 979 2838 desivit
1005 2817 1068 2838 om.
1096 2805 1134 2838 C.
1256 2806 1312 2838 ⁶24.
1349 2808 1382 2838 et
1410 2816 1480 2847 pro
1510 2804 1706 2836 vel-ABP
1722 2805 1778 2837 Pr.

452 2865 504 2895 ²26.
534 2863 664 2895 animal
692 2863 718 2894 B
735 2864 834 2895 PPr.
935 2863 1065 2896 desinit
1090 2864 1146 2895 Pr.
1247 2864 1300 2896 28.
1321 2862 1416 2895 illius
1444 2874 1506 2895 om.
1535 2862 1590 2893 Pr.
