2035 3359
190 225 274 252 CAP.
296 226 361 252 vn.
507 212 571 244 DE
600 212 959 245 COMPOSICIONE
986 210 1196 244 HOMINJS.
1712 213 1790 250 129

192 347 289 373 eum
321 331 540 372 inducere.
564 330 656 371 Nec
682 329 765 371 hoc
794 330 977 371 vertitur
999 331 1041 369 in
1066 329 1244 371 dubium
1268 329 1383 385 apud
1418 343 1506 381 eos,

192 401 262 457 qui
308 406 473 457 ponunt
516 400 763 442 accidencia
806 414 934 454 posse
990 400 1128 441 creari
1183 405 1226 440 et
1269 413 1365 440 esse
1418 399 1509 439 sine

194 470 401 524 subiecto,
437 477 478 512 et
520 469 561 511 A
594 471 790 511 essencia
822 458 970 525 posset
1015 468 1270 511 annichilari
1302 474 1442 509 stante
1474 467 1508 507 Β

194 547 237 582 et
262 548 459 594 econtra3
482 539 615 582 multo
638 540 775 594 magis
796 540 924 594 igitur
951 541 1118 582 notorie
1144 540 1340 595 sequitur
1359 537 1509 579 talium

159 626 178 657 5
194 610 459 666 possibilitas
493 610 546 651 de
570 610 787 661 essenciis‚
822 625 905 666 que
928 616 1112 665 possunt
1133 624 1213 666 per
1236 624 1281 650 se
1310 608 1509 649 existere.

252 679 459 722 Similiter
479 680 513 720 si
538 680 571 720 B
594 680 768 735 spiritus
802 680 844 720 in
863 685 1028 720 tantum
1059 679 1246 720 afficitur
1270 678 1307 718 A
1331 678 1510 718 materie
1525 683 1633 707 Matter
1653 682 1676 706 is
1696 682 1798 706 united

1525 721 1555 742 to
1575 717 1663 748 spirit
1682 717 1753 749 only
1767 723 1799 741 as

196 749 276 791 sibi
321 750 565 803 intrinsece,
610 749 691 790 hoc
733 748 846 790 foret
900 755 1080 805 propter
1122 748 1424 805 ydemtitatem
1467 747 1510 788 in
1526 752 1787 813 gsinstrumen1;

1555 788 1591 812 od
1607 794 1663 811 can
1682 786 1803 818 employ

196 819 560 876 ‹lisposicionibus
636 818 936 859 accidentibus
1010 826 1064 873 et,
1097 824 1143 860 ut
1210 818 1802 882 instrumenta-fflsstforpffgitffinlffi

194 890 293 931 liter
356 890 446 931 eius
512 890 796 945 operaciones
862 888 1103 944 perficiant,
1158 888 1236 928 sed
1299 886 1513 943 quotlibet

139 976 181 1006 10
197 960 400 1001 materias
445 958 552 1000 deus
597 957 781 1013 amplius
820 965 963 1015 potest
1009 959 1238 1014 disponere
1283 957 1336 999 ad
1384 957 1512 1007 idem,

198 1044 301 1084 ergo
355 1028 571 1084 quotlibet
629 1029 820 1070 materiis
871 1027 991 1070 illum
1045 1029 1242 1085 spiritum
1295 1026 1512 1084 copulare.

198 1098 499 1140 Existentibus
534 1113 636 1153 ergo
661 1097 778 1139 mille
804 1097 1100 1140 embrionibus
1135 1112 1243 1154 eque
1278 1096 1513 1154 capacibus

196 1175 341 1225 potest
388 1169 494 1209 deus
542 1169 697 1223 cuique
742 1167 913 1209 illorum
962 1167 1017 1209 ad
1050 1166 1255 1223 placitum
1290 1165 1515 1222 copulare3

198 1246 239 1280 et
271 1254 349 1294 per
382 1252 652 1293 consequens
686 1252 769 1278 non
804 1244 870 1279 est
911 1236 1156 1279 essencialis
1188 1236 1398 1278 habitudo
1433 1250 1515 1292 que

142 1308 251 1354 15de
287 1308 353 1350 dei
397 1309 598 1364 potencia
642 1321 726 1349 non
771 1313 916 1363 potest
962 1306 1067 1349 tolli.
1122 1307 1180 1347 Et
1223 1305 1305 1348 hec
1336 1306 1518 1346 materia

200 1384 263 1419 est
307 1378 486 1418 evidens
532 1392 587 1418 ex
638 1376 734 1430 hoc,
781 1376 896 1432 quod
931 1377 1122 1431 affeccio7
1169 1391 1298 1432 quam
1342 1376 1516 1432 spiritus

198 1445 332 1489 habet
374 1447 429 1489 ad
475 1446 617 1501 deum,
663 1448 736 1503 qui
781 1453 845 1488 est
891 1447 981 1488 eius
1032 1461 1162 1488 causa
1195 1444 1443 1488 esseneialis
1476 1450 1520 1485 et

200 1517 417 1559 obiectum
452 1519 640 1559 maxime
685 1516 902 1568 allectum,
948 1523 1092 1572 potest
1125 1515 1230 1571 tolli,
1277 1531 1379 1570 ergo
1413 1513 1519 1556 mul-

198 1595 241 1630 to
284 1588 420 1643 magis
452 1586 678 1629 inelinacio
713 1587 765 1628 ad
800 1587 1063 1629 actuandum
1108 1588 1236 1628 istam
1267 1592 1356 1627 tam
1388 1584 1519 1627 vilem

140 1659 437 1706 20materiam.
500 1656 640 1698 Aliter
684 1659 797 1699 enim
838 1655 1123 1713 probabiliter
1168 1655 1400 1697 dicendum
1450 1653 1521 1695 vel

199 1728 434 1770 tenendum
488 1734 613 1781 esset,
670 1727 786 1783 quod
840 1728 976 1769 omnis
1029 1725 1236 1767 naturalis
1288 1724 1518 1766 inclinacio

201 1798 380 1840 alicuius
414 1797 607 1839 essencie
640 1797 693 1839 ad
729 1796 892 1853 aliquid
915 1796 1209 1838 extrinsecum
1232 1794 1345 1838 foret
1377 1809 1520 1837 essen-

201 1867 334 1909 cialis.
390 1867 488 1910 Non
536 1869 649 1908 enim
694 1866 893 1908 absolute
941 1866 1136 1922 sequitur
1178 1865 1232 1907 de
1263 1866 1522 1907 necessitate

202 1944 495 1979 extremorum
530 1936 778 1990 existeneia‚
813 1950 911 1977 cum
944 1934 1166 1992 apostolus
1192 1934 1371 1977 dissolvi
1404 1934 1522 1991 cupit

144 2023 186 2054 ‘25
203 2014 245 2049 et
277 2022 371 2049 esse
417 2022 515 2048 cum
551 2006 706 2058 Cristo‚
742 2012 784 2048 et
817 2008 959 2047 anima
991 2005 1216 2047 racionalis
1249 2019 1522 2060 quecumque

201 2093 280 2134 per
323 2077 709 2133 indisposicionem
756 2078 934 2118 materie
981 2075 1235 2117 naturaliter
1280 2081 1519 2131 separatur.

204 2146 407 2189 Similiter
440 2154 515 2202 est,
557 2162 655 2188 cum
695 2148 832 2188 omnis
864 2146 994 2189 homo
1027 2152 1228 2201 resurget
1258 2147 1301 2187 in
1331 2144 1450 2186 finali
1483 2151 1524 2186 et
1627 2155 1733 2180 Atthe

1577 2190 1779 2215 resurrection

204 2216 353 2259 ultimo
385 2217 559 2270 iudicio,
606 2216 727 2258 multi
772 2216 1061 2272 predestinati
1099 2222 1196 2258 sunt
1228 2214 1422 2257 roborati
1454 2213 1524 2254 vel
1539 2224 1814 2290 peopffunglsaegtts

204 2286 327 2328 aliter
358 2288 401 2328 in
434 2301 615 2343 corpore
663 2286 874 2338 defuncti3
921 2301 1023 2340 ergo
1068 2300 1152 2326 non
1188 2291 1371 2341 oportet,
1405 2284 1524 2340 quod
1540 2303 1571 2321 as
1592 2296 1763 2355 thymaei-e
1778 2301 1814 2317 on

387 2405 441 2435 25.
469 2403 559 2435 Phil.
586 2405 617 2443 1,
644 2404 702 2434 23.

297 2500 327 2530 1.
357 2508 434 2530 eam
460 2498 499 2529 P.
599 2499 629 2529 7.
656 2496 789 2528 faceret
808 2495 847 2527 B.
944 2497 975 2526 8.
1004 2498 1038 2526 et
1063 2506 1124 2525 om.
1152 2494 1178 2525 B
1196 2493 1233 2526 C.
1332 2495 1385 2525 10.
1412 2496 1529 2535 potest

204 2556 290 2588 deus
317 2556 467 2598 amplius
494 2555 680 2597 disponere
706 2555 733 2585 P
750 2554 806 2585 Pr.
858 2555 910 2585 11.
932 2553 975 2584 ad
995 2553 1167 2595 quotlibet
1194 2551 1219 2583 C
1237 2552 1261 2583 P
1277 2552 1333 2582 Pr.
1385 2553 1438 2582 15.
1457 2562 1528 2582 non

205 2626 267 2646 om.
288 2614 327 2646 B.
395 2615 448 2646 18.
468 2614 645 2645 obiectiva
662 2613 690 2644 P
706 2613 761 2644 Pr.
828 2613 882 2644 20.
902 2613 956 2644 21.
977 2615 1070 2643 esset
1086 2610 1317 2653 probabiliter
1339 2610 1528 2641 tenendum

206 2673 300 2715 quod
327 2673 365 2714 C,
393 2673 580 2705 dicendum
600 2676 651 2703 est
669 2670 747 2715 (om.
773 2670 979 2712 tenendum)
1001 2670 1043 2703 A.
1115 2670 1169 2699 22.
1196 2668 1346 2700 alicuius
1373 2668 1529 2699 essencie

204 2743 266 2763 om.
293 2731 333 2763 A.
445 2732 501 2762 24.
529 2730 721 2762 existencia
746 2740 808 2761 om.
838 2728 863 2760 C
879 2728 978 2759 PPr.
1091 2729 1146 2759 27.
1174 2730 1226 2758 est
1251 2738 1313 2758 om.
1345 2726 1373 2757 B
1390 2725 1416 2757 C
1435 2726 1458 2756 Ρ
1474 2727 1528 2756 Pr.

204 2791 259 2821 27.
286 2791 321 2821 in
394 2789 491 2821 finali
512 2808 555 2813 —-
573 2788 706 2819 iudicio
733 2799 795 2819 om.
823 2787 862 2828 B,
890 2790 923 2818 et
940 2787 1064 2818 ultimo
1091 2797 1153 2817 om.
1181 2784 1218 2816 C.
1285 2785 1337 2816 28.
1367 2783 1530 2815 collocati

205 2848 245 2887 B,
273 2848 438 2880 collocati
464 2848 620 2879 roborati
646 2847 703 2886 Pr,
731 2846 931 2878 colobonati
959 2846 996 2877 C.

1383 2902 1401 2931 9
