2035 3359
194 198 245 234 36

192 327 309 354 sons‚so
320 320 476 345 manhood

192 358 215 381 is
237 356 311 382 each
332 356 366 381 of
393 356 476 381 three

921 196 1159 230 .JOHANN[S
1187 191 1375 227 WI'CLIF.
1669 186 1771 246 [CAP.
1788 189 1827 214 11.

503 307 635 349 medii
669 305 909 349 communis
950 303 1160 345 deficiunt
1199 301 1323 344 multi
1363 302 1642 359 paralogismi
1674 306 1716 346 in
1749 304 1833 345 ista

189 392 480 423 natures·yetisnot
505 378 688 419 materia
719 375 928 419 ventilati.
976 374 1034 415 Et
1066 373 1249 415 ulterius
1291 372 1439 414 dicunt
1478 374 1670 430 quidam,
1712 376 1831 432 quod

192 427 280 451 made
304 433 343 457 up
365 426 398 450 of
415 434 474 459 any

258 462 290 486 of
317 463 410 487 them.

194 1381 351 1414 Formerly
362 1380 478 1413 Wyclif

207 1417 278 1442 held
298 1417 363 1442 that
382 1417 464 1449 body

194 1460 265 1485 may
281 1453 317 1478 bc
337 1452 431 1477 taken
446 1453 476 1476 in

225 1488 310 1513 three
331 1494 452 1512 nenses:

195 1524 219 1548 I.
237 1523 409 1555 Abstraetly
431 1522 478 1547 for

214 1558 320 1591 bodily
340 1562 458 1583 nature.

195 1595 236 1620 ΙΙ.
247 1594 419 1626 Abstractly
431 1593 478 1618 for

195 1630 246 1654 the
270 1633 378 1654 nature
399 1636 477 1654 corn-

200 1665 296 1696 posed
318 1664 351 1688 of
368 1667 477 1689 matter

225 1700 285 1725 and
304 1700 444 1725 material

293 1735 382 1760 form.

208 1771 263 1796 III.
281 1770 465 1804 Concretely

209 1806 256 1831 for
284 1806 465 1839 everythlng

198 1841 296 1866 which
326 1841 352 1865 is
380 1842 478 1866 either

198 1877 230 1901 of
241 1877 326 1902 these
340 1879 475 1902 natures.

214 1912 274 1937 But
292 1912 350 1937 this
373 1912 458 1937 leads

223 1951 255 1973 to
276 1948 349 1972 such
369 1948 451 1972 inad-

225 1982 362 2008 missible
382 1989 450 2007 con<

209 2018 344 2042 clusions
364 2018 429 2042 that
443 2018 465 2043 it

206 2053 231 2078 is
252 2054 352 2078 better
371 2055 424 2078 not
437 2056 467 2079 to

263 2091 360 2113 aesert
380 2089 411 2113 it.

505 450 658 504 deitas,
699 448 812 489 sicut
845 453 911 488 est
949 444 1136 488 verbum
1176 444 1463 499 incarnatum,
1508 444 1570 486 sic
1604 452 1670 488 est
1701 446 1831 489 homo

503 526 546 561 et
585 534 745 576 corpus
793 523 835 559 et
877 515 1144 569 substancia,
1191 513 1269 556 sed
1313 513 1434 556 nulla
1478 521 1636 557 natura
1674 522 1831 559 creata.

501 590 590 633 Sed
614 589 698 631 alia
728 588 956 645 responsio
980 585 1150 643 patebit
1178 584 1372 626 inferius.
1407 585 1587 627 Interim
1623 587 1832 644 capiatur,
1849 590 1868 619 5

502 660 620 718 quod
656 660 795 702 deitas
842 664 907 701 est
939 657 1069 715 plene
1114 657 1245 698 trium
1295 671 1585 711 personarum
1640 657 1836 714 quelibet

501 738 543 773 et
574 730 735 773 nullius
769 743 959 787 persone
992 743 1112 784 pars,
1147 728 1258 769 sicut
1281 741 1471 782 persona
1503 726 1693 769 hominis
1718 743 1834 770 com-

501 803 749 844 municatur
786 800 925 843 tribus
966 799 1136 841 naturis
1171 803 1213 839 et
1244 812 1330 839 non
1371 799 1595 854 componit
1628 814 1727 841 cum
1762 798 1835 840 ali-

500 888 587 929 qua
624 871 811 914 illarum.
866 870 1004 913 Secus
1046 875 1194 911 autem
1235 875 1302 910 θεῖ
1341 868 1395 910 de
1438 869 1597 923 anima,
1645 885 1730 926 que
1771 875 1837 911 θεῖ

500 944 779 986 conti-accior
818 957 949 999 quam
983 954 1195 997 persona,
1242 939 1341 981 ideo
1383 938 1524 981 deitas
1565 946 1631 982 θεῖ
1669 940 1718 994 is,
1761 939 1895 996 qui10

501 1022 566 1058 θεῖ
599 1015 731 1057 homo
767 1018 1035 1069 assumptus,
1070 1011 1171 1067 quia
1203 1025 1394 1066 persona
1432 1009 1571 1065 verbi,
1607 1016 1650 1052 et
1689 1016 1836 1052 tamen

500 1101 586 1128 non
621 1092 687 1128 θεῖ
719 1084 867 1140 aliqua
898 1089 1055 1125 natura
1087 1081 1292 1135 humana,
1327 1079 1431 1122 licet
1463 1082 1518 1123 sit
1550 1080 1682 1136 idem,
1718 1082 1837 1138 quod

502 1163 567 1199 θεῖ
598 1163 755 1198 natura
776 1155 984 1196 humana.
1017 1152 1178 1195 Anima
1200 1157 1361 1207 autem,
1392 1167 1490 1193 cum
1523 1166 1609 1193 non
1633 1152 1695 1193 sic
1725 1167 1837 1193 com-

502 1228 749 1269 municatur
796 1224 943 1268 multis
987 1224 1153 1266 naturis
1208 1224 1300 1264 sive
1354 1223 1576 1278 essenciis,
1629 1238 1717 1265 non
1772 1229 1838 1265 θεῖ

503 1313 677 1355 corpus,
712 1297 810 1339 licet
848 1297 903 1339 sit
934 1311 1019 1350 res,
1055 1310 1140 1352 que
1175 1300 1242 1336 θεῖ
1274 1308 1447 1350 corpus.
1854 1296 1894 1326 15

563 1368 796 1421 Quondam
857 1372 1002 1409 autem
1065 1366 1168 1419 dixi,
1238 1364 1355 1421 quod
1425 1379 1586 1420 corpus
1651 1364 1838 1406 sumitur

503 1439 733 1496 tripliciter
756 1440 801 1480 in
826 1438 1071 1495 proposito:
1106 1436 1248 1493 primo
1284 1435 1551 1477 abstractive
1576 1451 1655 1492 pro
1679 1442 1838 1477 natura

506 1525 724 1567 corporea
757 1508 968 1566 simplici3
1015 1508 1208 1550 secundo
1243 1507 1512 1550 abstractive
1558 1523 1639 1562 pro
1679 1513 1838 1550 natura

505 1581 749 1637 composita
781 1596 837 1622 ex
869 1586 1028 1621 natura
1051 1593 1264 1635 corporea
1296 1585 1338 1620 et
1368 1578 1512 1620 forma
1543 1577 1762 1621 materiali
1795 1584 1838 1621 et

502 1652 639 1694 tercio
664 1651 929 1705 concretive,
960 1655 1091 1706 prout
1114 1655 1180 1691 θεῖ
1203 1664 1436 1691 commune
1467 1649 1523 1691 ad
1548 1664 1690 1703 omne,
1716 1649 1836 1706 quod
1853 1651 1896 1681 20

505 1728 572 1764 θεῖ
586 1728 743 1764 natura
761 1720 897 1764 altero
914 1720 1047 1763 modo
1071 1719 1200 1761 dicta.
1236 1719 1295 1761 Et
1317 1719 1372 1760 ad
1389 1720 1519 1761 istum
1543 1735 1719 1762 sensum
1738 1734 1836 1761 con-

504 1794 618 1835 cessi
651 1793 837 1834 animam
865 1807 960 1834 θεεθ
985 1806 1143 1848 corpus
1169 1789 1241 1834 vel
1264 1790 1559 1832 substanciam
1584 1789 1837 1833 sensibilem

504 1870 546 1906 et
578 1865 640 1906 sic
675 1862 974 1906 essencialiter
998 1877 1139 1918 omne,
1174 1861 1292 1918 quod
1324 1868 1390 1903 est
1421 1861 1568 1903 homo.
1615 1860 1702 1903 Sed
1737 1861 1839 1918 quia

503 1942 606 1977 tunc
638 1935 826 1989 videtur,
861 1933 976 1990 quod
1012 1933 1157 1974 anima
1189 1933 1243 1973 sit
1275 1932 1463 1974 materia
1494 1932 1647 1988 prima,
1681 1938 1839 1973 natura

505 2005 653 2047 divina
699 2011 856 2046 natura
893 2003 1097 2058 humana,
1144 2007 1186 2044 et
1226 2002 1287 2044 sic
1327 2002 1381 2044 de
1423 2001 1569 2044 multis
1607 2002 1711 2044 fidei
1753 2002 1895 2044 dis-25

504 2077 635 2130 sonis,
685 2091 766 2117 nec
807 2075 1011 2128 occurrit,
1058 2073 1280 2130 quomodo
1322 2088 1377 2115 ex
1418 2074 1638 2130 scriptura
1671 2073 1724 2114 sit
1756 2073 1840 2115 ista

504 2147 640 2188 tercia
663 2145 930 2201 significacio
954 2143 1211 2197 fundabilis,
1236 2143 1336 2186 ideo
1361 2143 1469 2185 mihi
1491 2144 1669 2187 videtur
1690 2144 1837 2197 modo,

506 2217 625 2274 quod
659 2215 987 2258 racionabiliter
1020 2215 1074 2256 sit
1106 2215 1307 2256 tacenda.

562 2337 594 2368 3.
633 2336 665 2366 4.
704 2334 810 2366 homo
850 2333 984 2366 animal
1023 2343 1150 2375 corpus
1188 2332 1216 2363 P
1235 2332 1293 2374 Pr,
1334 2337 1368 2364 ct
1405 2332 1613 2365 substancia
1650 2333 1678 2364 B
1695 2332 1722 2365 C
1736 2333 1765 2364 P
1780 2333 1837 2365 Pr.

504 2395 534 2425 ὖ.
550 2394 725 2436 posterius
742 2397 776 2425 et
789 2394 931 2425 interim
947 2394 975 2424 P»
993 2393 1020 2425 C
1035 2394 1063 2425 P
1080 2393 1137 2425 Pr.
1219 2394 1250 2424 6.
1266 2393 1362 2434 quod
1376 2404 1435 2425 om.
1458 2393 1486 2424 B
1503 2393 1531 2423 P
1546 2394 1603 2425 Pr.
1686 2394 1738 2424 10.
1756 2392 1837 2424 ideo

504 2473 546 2476 —
576 2462 726 2495 persona
765 2463 827 2484 om.
867 2452 906 2484 B.
1006 2453 1059 2484 14.
1087 2462 1166 2483 cum
1206 2462 1267 2483 om.
1309 2451 1336 2482 J),
1352 2452 1380 2483 P
1396 2452 1453 2493 Pr,
1493 2452 1539 2484 sit
1575 2452 1839 2483 communicata

504 2512 531 2542 B
549 2512 575 2543 C
593 2512 618 2542 1¹
637 2512 692 2543 Pr.
794 2513 845 2543 17.
872 2514 953 2553 post
973 2514 1100 2543 natura
1119 2510 1203 2543 add.
1222 2521 1393 2552 corporea
1410 2511 1438 2542 B
1456 2511 1494 2553 C,
1523 2511 1719 2553 composita
1736 2511 1764 2541 P
1781 2511 1836 2541 Pr.

507 2572 559 2602 18.
580 2574 707 2602 natura
726 2581 896 2612 corporea
915 2571 1115 2612 composita
1135 2580 1175 2601 ex
1195 2570 1343 2601 materia
1362 2573 1397 2601 θῖ
1415 2570 1528 2601 forma
1547 2571 1584 2601 13.
1663 2572 1714 2601 19.
1730 2570 1784 2600 20.
1804 2572 1838 2600 ct

504 2635 533 2660 (tl
560 2629 604 2660 :ul
632 2640 735 2660 omno.
755 2640 816 2660 om.
845 2629 885 2661 B.
984 2630 1038 2660 2⁴3.
1066 2632 1118 2659 cst
1141 2640 1208 2669 pro
1235 2640 1276 2660 ox
1297 2629 1336 2667 Π,
1364 2630 1430 2660 ista.
1449 2640 1511 2660 om.
1538 2629 1577 2659 B.
1675 2630 1729 2660 27.
1758 2627 1835 2658 idco

503 2692 542 2719 ut
567 2689 595 2719 B
614 2689 669 2718 l'r.
768 2688 822 2719 27.
850 2688 1040 2719 tacendum
1068 2688 1096 2719 Β
1112 2688 1169 2719 Pr.
