<?xml version="1.0" encoding="UTF-8"?>
<!DOCTYPE html PUBLIC "-//W3C//DTD XHTML 1.0 Transitional//EN"
    "http://www.w3.org/TR/xhtml1/DTD/xhtml1-transitional.dtd">
<html xmlns="http://www.w3.org/1999/xhtml" xml:lang="en" lang="en">
 <head>
  <title>
</title>
<meta http-equiv="Content-Type" content="text/html;charset=utf-8" />
  <meta name='ocr-system' content='tesseract 3.04.00' />
  <meta name='ocr-capabilities' content='ocr_page ocr_carea ocr_par ocr_line ocrx_word'/>
</head>
<body>
  <div class='ocr_page' id='page_1' title='image "./decompositioneho00wycl_0151.png"; bbox 0 0 2035 3359; ppageno 0'>
   <div class='ocr_carea' id='block_1_1' title="bbox 174 222 1787 265">
    <p class='ocr_par' dir='ltr' id='par_1_1' title="bbox 174 222 1787 265">
     <span class='ocr_line' id='line_1_1' title="bbox 174 222 1787 265; baseline -0.006 -7"><span class='ocrx_word' id='word_1_1' title='bbox 174 232 259 259; x_wconf 82' lang='lat' dir='ltr'>OAP.</span> <span class='ocrx_word' id='word_1_2' title='bbox 280 233 345 259; x_wconf 88' lang='lat' dir='ltr'>VII.</span> <span class='ocrx_word' id='word_1_3' title='bbox 487 222 553 254; x_wconf 81' lang='lat' dir='ltr'>DE</span> <span class='ocrx_word' id='word_1_4' title='bbox 580 222 940 256; x_wconf 74' lang='lat' dir='ltr'>COMPOSIGIONE</span> <span class='ocrx_word' id='word_1_5' title='bbox 965 223 1179 256; x_wconf 83' lang='lat' dir='ltr'>HOMINIS.</span> <span class='ocrx_word' id='word_1_6' title='bbox 1710 227 1787 265; x_wconf 70' lang='lat'>125</span> 
     </span>
    </p>
   </div>
   <div class='ocr_carea' id='block_1_2' title="bbox 120 338 1506 1364">
    <p class='ocr_par' dir='ltr' id='par_1_2' title="bbox 120 338 1506 1364">
     <span class='ocr_line' id='line_1_2' title="bbox 175 338 1498 398; baseline 0.003 -18"><span class='ocrx_word' id='word_1_7' title='bbox 175 338 294 395; x_wconf 92' lang='lat' dir='ltr'>quod</span> <span class='ocrx_word' id='word_1_8' title='bbox 343 339 399 381; x_wconf 86' lang='lat' dir='ltr'>sit</span> <span class='ocrx_word' id='word_1_9' title='bbox 445 338 573 381; x_wconf 89' lang='lat' dir='ltr'>simul</span> <span class='ocrx_word' id='word_1_10' title='bbox 617 346 803 398; x_wconf 86' lang='lat' dir='ltr'>utraque</span> <span class='ocrx_word' id='word_1_11' title='bbox 846 347 1003 384; x_wconf 85' lang='lat' dir='ltr'>natura</span> <span class='ocrx_word' id='word_1_12' title='bbox 1052 340 1170 383; x_wconf 87' lang='lat' dir='ltr'>idem</span> <span class='ocrx_word' id='word_1_13' title='bbox 1224 342 1498 398; x_wconf 87' lang='lat' dir='ltr'>suppositum</span> 
     </span>
     <span class='ocr_line' id='line_1_3' title="bbox 172 408 1498 468; baseline 0 -18"><span class='ocrx_word' id='word_1_14' title='bbox 172 414 220 450; x_wconf 91' lang='lat' dir='ltr'>ut</span> <span class='ocrx_word' id='word_1_15' title='bbox 233 408 517 451; x_wconf 87' lang='lat' dir='ltr'>Enchiridion</span> <span class='ocrx_word' id='word_1_16' title='bbox 535 408 621 465; x_wconf 79' lang='lat'>27⁰,</span> <span class='ocrx_word' id='word_1_17' title='bbox 639 416 682 452; x_wconf 91' lang='lat' dir='ltr'>et</span> <span class='ocrx_word' id='word_1_18' title='bbox 704 426 809 468; x_wconf 82' lang='lat' dir='ltr'>sepe</span> <span class='ocrx_word' id='word_1_19' title='bbox 831 410 936 453; x_wconf 89' lang='lat' dir='ltr'>dicit</span> <span class='ocrx_word' id='word_1_20' title='bbox 957 411 1216 464; x_wconf 89' lang='lat' dir='ltr'>distinctive,</span> <span class='ocrx_word' id='word_1_21' title='bbox 1238 417 1286 453; x_wconf 90' lang='lat' dir='ltr'>ut</span> <span class='ocrx_word' id='word_1_22' title='bbox 1301 410 1414 454; x_wconf 91' lang='lat' dir='ltr'>Ome</span> <span class='ocrx_word' id='word_1_23' title='bbox 1429 414 1498 466; x_wconf 85' lang='lat'>44,</span> 
     </span>
     <span class='ocr_line' id='line_1_4' title="bbox 173 478 1499 535; baseline 0.003 -16"><span class='ocrx_word' id='word_1_24' title='bbox 173 478 234 520; x_wconf 85' lang='lat' dir='ltr'>ita</span> <span class='ocrx_word' id='word_1_25' title='bbox 264 478 392 534; x_wconf 89' lang='lat' dir='ltr'>plane</span> <span class='ocrx_word' id='word_1_26' title='bbox 437 482 493 522; x_wconf 90' lang='lat' dir='ltr'>‘et</span> <span class='ocrx_word' id='word_1_27' title='bbox 525 495 624 522; x_wconf 87' lang='lat' dir='ltr'>caro</span> <span class='ocrx_word' id='word_1_28' title='bbox 665 480 832 523; x_wconf 80' lang='lat' dir='ltr'>Oristus</span> <span class='ocrx_word' id='word_1_29' title='bbox 872 487 914 523; x_wconf 89' lang='lat' dir='ltr'>et</span> <span class='ocrx_word' id='word_1_30' title='bbox 956 481 1141 524; x_wconf 84' lang='lat' dir='ltr'>verbum</span> <span class='ocrx_word' id='word_1_31' title='bbox 1181 479 1376 535; x_wconf 84' lang='lat' dir='ltr'>Cristus’,</span> <span class='ocrx_word' id='word_1_32' title='bbox 1417 495 1499 523; x_wconf 90' lang='lat' dir='ltr'>nec</span> 
     </span>
     <span class='ocr_line' id='line_1_5' title="bbox 175 546 1500 608; baseline 0.003 -19"><span class='ocrx_word' id='word_1_33' title='bbox 175 546 368 605; x_wconf 85' lang='lat' dir='ltr'>loquitur</span> <span class='ocrx_word' id='word_1_34' title='bbox 399 550 722 607; x_wconf 85' lang='lat' dir='ltr'>synodochyce‚</span> <span class='ocrx_word' id='word_1_35' title='bbox 758 552 860 608; x_wconf 86' lang='lat' dir='ltr'>quia</span> <span class='ocrx_word' id='word_1_36' title='bbox 898 551 1125 608; x_wconf 82' lang='lat' dir='ltr'>quodlibet</span> <span class='ocrx_word' id='word_1_37' title='bbox 1169 552 1372 594; x_wconf 88' lang='lat' dir='ltr'>concedit</span> <span class='ocrx_word' id='word_1_38' title='bbox 1404 566 1500 593; x_wconf 87' lang='lat' dir='ltr'>esse</span> 
     </span>
     <span class='ocr_line' id='line_1_6' title="bbox 141 618 1501 678; baseline 0.002 -18"><span class='ocrx_word' id='word_1_39' title='bbox 141 618 365 662; x_wconf 80' lang='lat' dir='ltr'>5C⁴ristum</span> <span class='ocrx_word' id='word_1_40' title='bbox 404 635 484 677; x_wconf 91' lang='lat' dir='ltr'>pro</span> <span class='ocrx_word' id='word_1_41' title='bbox 526 626 725 677; x_wconf 89' lang='lat' dir='ltr'>tempore</span> <span class='ocrx_word' id='word_1_42' title='bbox 768 621 913 677; x_wconf 83' lang='lat' dir='ltr'>tridui,</span> <span class='ocrx_word' id='word_1_43' title='bbox 960 637 1044 678; x_wconf 92' lang='lat' dir='ltr'>quo</span> <span class='ocrx_word' id='word_1_44' title='bbox 1092 627 1191 663; x_wconf 87' lang='lat' dir='ltr'>sunt</span> <span class='ocrx_word' id='word_1_45' title='bbox 1222 621 1276 663; x_wconf 84' lang='lat' dir='ltr'>ab</span> <span class='ocrx_word' id='word_1_46' title='bbox 1309 622 1501 664; x_wconf 87' lang='lat' dir='ltr'>invicem</span> 
     </span>
     <span class='ocr_line' id='line_1_7' title="bbox 176 689 1499 748; baseline 0.002 -18"><span class='ocrx_word' id='word_1_47' title='bbox 176 695 392 746; x_wconf 85' lang='lat' dir='ltr'>separata.</span> <span class='ocrx_word' id='word_1_48' title='bbox 436 690 497 732; x_wconf 90' lang='lat' dir='ltr'>Et</span> <span class='ocrx_word' id='word_1_49' title='bbox 517 691 695 733; x_wconf 88' lang='lat' dir='ltr'>indubie</span> <span class='ocrx_word' id='word_1_50' title='bbox 727 697 815 733; x_wconf 85' lang='lat' dir='ltr'>tam</span> <span class='ocrx_word' id='word_1_51' title='bbox 849 697 1022 734; x_wconf 87' lang='lat' dir='ltr'>sanctus</span> <span class='ocrx_word' id='word_1_52' title='bbox 1056 698 1100 734; x_wconf 93' lang='lat' dir='ltr'>et</span> <span class='ocrx_word' id='word_1_53' title='bbox 1131 689 1301 733; x_wconf 91' lang='lat' dir='ltr'>subtilis</span> <span class='ocrx_word' id='word_1_54' title='bbox 1332 690 1499 748; x_wconf 88' lang='lat' dir='ltr'>loycus,</span> 
     </span>
     <span class='ocr_line' id='line_1_8' title="bbox 176 759 1501 816; baseline 0 -14"><span class='ocrx_word' id='word_1_55' title='bbox 176 759 251 816; x_wconf 92' lang='lat' dir='ltr'>qui</span> <span class='ocrx_word' id='word_1_56' title='bbox 286 766 454 802; x_wconf 85' lang='lat' dir='ltr'>tantum</span> <span class='ocrx_word' id='word_1_57' title='bbox 494 766 622 803; x_wconf 84' lang='lat' dir='ltr'>cavet</span> <span class='ocrx_word' id='word_1_58' title='bbox 661 762 714 804; x_wconf 91' lang='lat' dir='ltr'>de</span> <span class='ocrx_word' id='word_1_59' title='bbox 751 762 980 804; x_wconf 85' lang='lat' dir='ltr'>mendacio</span> <span class='ocrx_word' id='word_1_60' title='bbox 1023 768 1065 804; x_wconf 89' lang='lat' dir='ltr'>et</span> <span class='ocrx_word' id='word_1_61' title='bbox 1103 762 1351 804; x_wconf 81' lang='lat' dir='ltr'>assercione</span> <span class='ocrx_word' id='word_1_62' title='bbox 1389 760 1501 815; x_wconf 86' lang='lat' dir='ltr'>falsi,</span> 
     </span>
     <span class='ocr_line' id='line_1_9' title="bbox 176 830 1500 888; baseline 0.002 -17"><span class='ocrx_word' id='word_1_63' title='bbox 176 830 293 885; x_wconf 89' lang='lat' dir='ltr'>quod</span> <span class='ocrx_word' id='word_1_64' title='bbox 332 845 459 872; x_wconf 92' lang='lat' dir='ltr'>omne</span> <span class='ocrx_word' id='word_1_65' title='bbox 495 830 583 873; x_wconf 84' lang='lat' dir='ltr'>tale</span> <span class='ocrx_word' id='word_1_66' title='bbox 615 832 721 873; x_wconf 89' lang='lat' dir='ltr'>dicit</span> <span class='ocrx_word' id='word_1_67' title='bbox 763 839 993 888; x_wconf 86' lang='lat' dir='ltr'>peccatum</span> <span class='ocrx_word' id='word_1_68' title='bbox 1032 846 1201 888; x_wconf 83' lang='lat' dir='ltr'>sapere,</span> <span class='ocrx_word' id='word_1_69' title='bbox 1248 846 1333 873; x_wconf 91' lang='lat' dir='ltr'>non</span> <span class='ocrx_word' id='word_1_70' title='bbox 1371 830 1500 873; x_wconf 90' lang='lat' dir='ltr'>relin-</span> 
     </span>
     <span class='ocr_line' id='line_1_10' title="bbox 176 901 1503 958; baseline 0 -16"><span class='ocrx_word' id='word_1_71' title='bbox 176 906 333 956; x_wconf 88' lang='lat' dir='ltr'>queret</span> <span class='ocrx_word' id='word_1_72' title='bbox 377 901 435 942; x_wconf 86' lang='lat' dir='ltr'>ad</span> <span class='ocrx_word' id='word_1_73' title='bbox 478 908 739 958; x_wconf 87' lang='lat' dir='ltr'>perpetuam</span> <span class='ocrx_word' id='word_1_74' title='bbox 797 902 860 944; x_wconf 87' lang='lat' dir='ltr'>rei</span> <span class='ocrx_word' id='word_1_75' title='bbox 904 902 1161 945; x_wconf 85' lang='lat' dir='ltr'>memoriam</span> <span class='ocrx_word' id='word_1_76' title='bbox 1204 903 1248 943; x_wconf 90' lang='lat' dir='ltr'>in</span> <span class='ocrx_word' id='word_1_77' title='bbox 1291 902 1503 958; x_wconf 87' lang='lat' dir='ltr'>precipua</span> 
     </span>
     <span class='ocr_line' id='line_1_11' title="bbox 120 970 1502 1029; baseline 0.001 -18"><span class='ocrx_word' id='word_1_78' title='bbox 120 979 162 1010; x_wconf 90' lang='lat'>10</span> <span class='ocrx_word' id='word_1_79' title='bbox 175 971 360 1012; x_wconf 85' lang='lat' dir='ltr'>materia</span> <span class='ocrx_word' id='word_1_80' title='bbox 390 970 494 1013; x_wconf 90' lang='lat' dir='ltr'>fidei</span> <span class='ocrx_word' id='word_1_81' title='bbox 528 973 863 1029; x_wconf 84' lang='lat' dir='ltr'>capciosissimis</span> <span class='ocrx_word' id='word_1_82' title='bbox 895 972 1100 1015; x_wconf 83' lang='lat' dir='ltr'>hereticis</span> <span class='ocrx_word' id='word_1_83' title='bbox 1132 972 1271 1015; x_wconf 88' lang='lat' dir='ltr'>verba</span> <span class='ocrx_word' id='word_1_84' title='bbox 1304 970 1502 1027; x_wconf 88' lang='lat' dir='ltr'>impossi-</span> 
     </span>
     <span class='ocr_line' id='line_1_12' title="bbox 176 1039 1504 1097; baseline 0.002 -16"><span class='ocrx_word' id='word_1_85' title='bbox 176 1039 357 1082; x_wconf 88' lang='lat' dir='ltr'>bilitatis</span> <span class='ocrx_word' id='word_1_86' title='bbox 388 1047 477 1083; x_wconf 82' lang='lat' dir='ltr'>tam</span> <span class='ocrx_word' id='word_1_87' title='bbox 508 1043 553 1083; x_wconf 91' lang='lat' dir='ltr'>in</span> <span class='ocrx_word' id='word_1_88' title='bbox 585 1041 784 1084; x_wconf 86' lang='lat' dir='ltr'>ecclesia.</span> <span class='ocrx_word' id='word_1_89' title='bbox 845 1042 944 1084; x_wconf 88' lang='lat' dir='ltr'>Non</span> <span class='ocrx_word' id='word_1_90' title='bbox 991 1043 1103 1084; x_wconf 91' lang='lat' dir='ltr'>enim</span> <span class='ocrx_word' id='word_1_91' title='bbox 1135 1042 1293 1097; x_wconf 86' lang='lat' dir='ltr'>firmat,</span> <span class='ocrx_word' id='word_1_92' title='bbox 1333 1041 1409 1083; x_wconf 86' lang='lat' dir='ltr'>sed</span> <span class='ocrx_word' id='word_1_93' title='bbox 1443 1041 1504 1084; x_wconf 91' lang='lat' dir='ltr'>in-</span> 
     </span>
     <span class='ocr_line' id='line_1_13' title="bbox 177 1110 1506 1169; baseline 0.001 -17"><span class='ocrx_word' id='word_1_94' title='bbox 177 1110 324 1166; x_wconf 87' lang='lat' dir='ltr'>fringit</span> <span class='ocrx_word' id='word_1_95' title='bbox 355 1110 489 1153; x_wconf 88' lang='lat' dir='ltr'>fidem</span> <span class='ocrx_word' id='word_1_96' title='bbox 511 1110 777 1154; x_wconf 75' lang='lat' dir='ltr'>katholicam</span> <span class='ocrx_word' id='word_1_97' title='bbox 800 1113 965 1168; x_wconf 83' lang='lat' dir='ltr'>fingere</span> <span class='ocrx_word' id='word_1_98' title='bbox 998 1111 1286 1169; x_wconf 84' lang='lat' dir='ltr'>impossibilia</span> <span class='ocrx_word' id='word_1_99' title='bbox 1320 1117 1506 1168; x_wconf 89' lang='lat' dir='ltr'>propter</span> 
     </span>
     <span class='ocr_line' id='line_1_14' title="bbox 179 1180 1501 1225; baseline 0.001 -3"><span class='ocrx_word' id='word_1_100' title='bbox 179 1180 584 1224; x_wconf 89' lang='lat' dir='ltr'>denominacionem</span> <span class='ocrx_word' id='word_1_101' title='bbox 627 1181 698 1225; x_wconf 81' lang='lat' dir='ltr'>vel</span> <span class='ocrx_word' id='word_1_102' title='bbox 720 1182 853 1224; x_wconf 92' lang='lat' dir='ltr'>fidem</span> <span class='ocrx_word' id='word_1_103' title='bbox 897 1182 1237 1224; x_wconf 77' lang='lat' dir='ltr'>dilucidandam.</span> <span class='ocrx_word' id='word_1_104' title='bbox 1284 1181 1393 1223; x_wconf 91' lang='lat' dir='ltr'>Ideo</span> <span class='ocrx_word' id='word_1_105' title='bbox 1426 1180 1501 1223; x_wconf 86' lang='lat' dir='ltr'>ab·</span> 
     </span>
     <span class='ocr_line' id='line_1_15' title="bbox 180 1250 1505 1308; baseline -0.001 -15"><span class='ocrx_word' id='word_1_106' title='bbox 180 1252 235 1293; x_wconf 86' lang='lat' dir='ltr'>sit</span> <span class='ocrx_word' id='word_1_107' title='bbox 266 1266 292 1293; x_wconf 86' lang='lat' dir='ltr'>a</span> <span class='ocrx_word' id='word_1_108' title='bbox 321 1250 448 1294; x_wconf 89' lang='lat' dir='ltr'>nobis</span> <span class='ocrx_word' id='word_1_109' title='bbox 480 1252 657 1308; x_wconf 86' lang='lat' dir='ltr'>ignaris,</span> <span class='ocrx_word' id='word_1_110' title='bbox 691 1252 810 1308; x_wconf 87' lang='lat' dir='ltr'>quod</span> <span class='ocrx_word' id='word_1_111' title='bbox 840 1253 967 1295; x_wconf 87' lang='lat' dir='ltr'>istam</span> <span class='ocrx_word' id='word_1_112' title='bbox 990 1251 1207 1294; x_wconf 77' lang='lat' dir='ltr'>maculam</span> <span class='ocrx_word' id='word_1_113' title='bbox 1230 1252 1505 1307; x_wconf 82' lang='lat' dir='ltr'>imponamus</span> 
     </span>
     <span class='ocr_line' id='line_1_16' title="bbox 123 1321 638 1364; baseline 0.006 -3"><span class='ocrx_word' id='word_1_114' title='bbox 123 1330 165 1361; x_wconf 85' lang='grc'>15</span> <span class='ocrx_word' id='word_1_115' title='bbox 181 1321 339 1363; x_wconf 77' lang='lat' dir='ltr'>sanctis</span> <span class='ocrx_word' id='word_1_116' title='bbox 373 1321 638 1364; x_wconf 88' lang='lat' dir='ltr'>doctoribus.</span> 
     </span>
    </p>
   </div>
   <div class='ocr_carea' id='block_1_3' title="bbox 125 1390 1797 2290">
    <p class='ocr_par' dir='ltr' id='par_1_3' title="bbox 182 1390 1797 1657">
     <span class='ocr_line' id='line_1_17' title="bbox 238 1390 1797 1462; baseline 0 -30"><span class='ocrx_word' id='word_1_117' title='bbox 238 1390 298 1432; x_wconf 90' lang='lat' dir='ltr'>Et</span> <span class='ocrx_word' id='word_1_118' title='bbox 330 1391 365 1433; x_wconf 92' lang='lat' dir='ltr'>si</span> <span class='ocrx_word' id='word_1_119' title='bbox 398 1392 597 1448; x_wconf 88' lang='lat' dir='ltr'>queritur</span> <span class='ocrx_word' id='word_1_120' title='bbox 627 1392 744 1434; x_wconf 86' lang='lat' dir='ltr'>racio</span> <span class='ocrx_word' id='word_1_121' title='bbox 768 1391 897 1435; x_wconf 91' lang='lat' dir='ltr'>huius</span> <span class='ocrx_word' id='word_1_122' title='bbox 921 1392 1156 1446; x_wconf 77' lang='lat' dir='ltr'>sentencie,</span> <span class='ocrx_word' id='word_1_123' title='bbox 1190 1407 1291 1433; x_wconf 87' lang='lat' dir='ltr'>ecce</span> <span class='ocrx_word' id='word_1_124' title='bbox 1326 1391 1710 1462; x_wconf 50' lang='lat' dir='ltr'>eviden-moffffsgffi</span> <span class='ocrx_word' id='word_1_125' title='bbox 1731 1407 1797 1462; x_wconf 51' lang='lat' dir='ltr'>:fiko</span> 
     </span>
     <span class='ocr_line' id='line_1_18' title="bbox 183 1460 1788 1533; baseline 0.001 -32"><span class='ocrx_word' id='word_1_126' title='bbox 183 1461 260 1515; x_wconf 87' lang='lat' dir='ltr'>cia,</span> <span class='ocrx_word' id='word_1_127' title='bbox 285 1475 370 1517; x_wconf 86' lang='lat' dir='ltr'>que</span> <span class='ocrx_word' id='word_1_128' title='bbox 394 1462 519 1505; x_wconf 86' lang='lat' dir='ltr'>daret</span> <span class='ocrx_word' id='word_1_129' title='bbox 540 1462 722 1505; x_wconf 87' lang='lat' dir='ltr'>cuilibet</span> <span class='ocrx_word' id='word_1_130' title='bbox 744 1461 958 1505; x_wconf 86' lang='lat' dir='ltr'>catholico</span> <span class='ocrx_word' id='word_1_131' title='bbox 983 1461 1157 1520; x_wconf 89' lang='lat' dir='ltr'>plenam</span> <span class='ocrx_word' id='word_1_132' title='bbox 1182 1461 1327 1504; x_wconf 91' lang='lat' dir='ltr'>fidem.</span> <span class='ocrx_word' id='word_1_133' title='bbox 1349 1460 1502 1503; x_wconf 89' lang='lat' dir='ltr'>Omnis</span> <span class='ocrx_word' id='word_1_134' title='bbox 1517 1471 1788 1533; x_wconf 50' lang='lat' dir='ltr'>h⁰gh523⁸¹ss³1¹3¹³0²¹22</span> 
     </span>
     <span class='ocr_line' id='line_1_19' title="bbox 182 1530 1784 1589; baseline 0.001 -18"><span class='ocrx_word' id='word_1_135' title='bbox 182 1530 314 1574; x_wconf 91' lang='lat' dir='ltr'>homo</span> <span class='ocrx_word' id='word_1_136' title='bbox 337 1531 471 1575; x_wconf 86' lang='lat' dir='ltr'>habet</span> <span class='ocrx_word' id='word_1_137' title='bbox 504 1533 695 1574; x_wconf 81' lang='lat' dir='ltr'>animam</span> <span class='ocrx_word' id='word_1_138' title='bbox 721 1532 1052 1589; x_wconf 86' lang='lat' dir='ltr'>corruptibilem</span> <span class='ocrx_word' id='word_1_139' title='bbox 1090 1530 1286 1574; x_wconf 86' lang='lat' dir='ltr'>eiusdem</span> <span class='ocrx_word' id='word_1_140' title='bbox 1317 1531 1504 1573; x_wconf 84' lang='lat' dir='ltr'>racionis</span> <span class='ocrx_word' id='word_1_141' title='bbox 1529 1540 1683 1568; x_wconf 76' lang='lat' dir='ltr'>immortal</span> <span class='ocrx_word' id='word_1_142' title='bbox 1703 1541 1784 1567; x_wconf 82' lang='lat' dir='ltr'>soul-</span> 
     </span>
     <span class='ocr_line' id='line_1_20' title="bbox 184 1602 1508 1657; baseline -0.001 -14"><span class='ocrx_word' id='word_1_143' title='bbox 184 1616 282 1643; x_wconf 88' lang='lat' dir='ltr'>cum</span> <span class='ocrx_word' id='word_1_144' title='bbox 315 1603 470 1644; x_wconf 86' lang='lat' dir='ltr'>ceteris</span> <span class='ocrx_word' id='word_1_145' title='bbox 510 1602 792 1657; x_wconf 84' lang='lat' dir='ltr'>animalibus;</span> <span class='ocrx_word' id='word_1_146' title='bbox 839 1609 882 1645; x_wconf 92' lang='lat' dir='ltr'>et</span> <span class='ocrx_word' id='word_1_147' title='bbox 924 1618 1023 1645; x_wconf 91' lang='lat' dir='ltr'>cum</span> <span class='ocrx_word' id='word_1_148' title='bbox 1066 1602 1150 1644; x_wconf 90' lang='lat' dir='ltr'>hoc</span> <span class='ocrx_word' id='word_1_149' title='bbox 1187 1602 1326 1644; x_wconf 89' lang='lat' dir='ltr'>omnis</span> <span class='ocrx_word' id='word_1_150' title='bbox 1364 1602 1508 1644; x_wconf 85' lang='lat' dir='ltr'>anima</span> 
     </span>
    </p>

    <p class='ocr_par' dir='ltr' id='par_1_4' title="bbox 125 1671 1512 2011">
     <span class='ocr_line' id='line_1_21' title="bbox 125 1671 1508 1730; baseline 0.001 -19"><span class='ocrx_word' id='word_1_151' title='bbox 125 1680 169 1711; x_wconf 76' lang='lat'>20</span> <span class='ocrx_word' id='word_1_152' title='bbox 184 1671 377 1714; x_wconf 82' lang='lat' dir='ltr'>humana</span> <span class='ocrx_word' id='word_1_153' title='bbox 402 1678 468 1715; x_wconf 89' lang='lat' dir='ltr'>est</span> <span class='ocrx_word' id='word_1_154' title='bbox 491 1673 741 1715; x_wconf 84' lang='lat' dir='ltr'>substancia</span> <span class='ocrx_word' id='word_1_155' title='bbox 755 1679 984 1730; x_wconf 85' lang='lat' dir='ltr'>perpetua,</span> <span class='ocrx_word' id='word_1_156' title='bbox 1000 1687 1087 1715; x_wconf 90' lang='lat' dir='ltr'>non</span> <span class='ocrx_word' id='word_1_157' title='bbox 1108 1678 1265 1729; x_wconf 89' lang='lat' dir='ltr'>potens</span> <span class='ocrx_word' id='word_1_158' title='bbox 1289 1671 1508 1714; x_wconf 87' lang='lat' dir='ltr'>desinere:</span> 
     </span>
     <span class='ocr_line' id='line_1_22' title="bbox 186 1744 1508 1801; baseline 0.001 -17"><span class='ocrx_word' id='word_1_159' title='bbox 186 1756 289 1797; x_wconf 86' lang='lat' dir='ltr'>ergo</span> <span class='ocrx_word' id='word_1_160' title='bbox 335 1744 559 1786; x_wconf 88' lang='lat' dir='ltr'>sentencia</span> <span class='ocrx_word' id='word_1_161' title='bbox 603 1744 856 1801; x_wconf 85' lang='lat' dir='ltr'>supradicta</span> <span class='ocrx_word' id='word_1_162' title='bbox 903 1749 1027 1800; x_wconf 87' lang='lat' dir='ltr'>patet</span> <span class='ocrx_word' id='word_1_163' title='bbox 1071 1748 1391 1800; x_wconf 88' lang='lat' dir='ltr'>consequenter</span> <span class='ocrx_word' id='word_1_164' title='bbox 1441 1757 1508 1785; x_wconf 89' lang='lat' dir='ltr'>re-</span> 
     </span>
     <span class='ocr_line' id='line_1_23' title="bbox 185 1811 1510 1871; baseline 0.001 -17"><span class='ocrx_word' id='word_1_165' title='bbox 185 1811 401 1868; x_wconf 87' lang='lat' dir='ltr'>volventi;</span> <span class='ocrx_word' id='word_1_166' title='bbox 424 1828 523 1856; x_wconf 88' lang='lat' dir='ltr'>nam</span> <span class='ocrx_word' id='word_1_167' title='bbox 546 1814 692 1869; x_wconf 82' lang='lat' dir='ltr'>credo,</span> <span class='ocrx_word' id='word_1_168' title='bbox 717 1814 834 1871; x_wconf 91' lang='lat' dir='ltr'>quod</span> <span class='ocrx_word' id='word_1_169' title='bbox 859 1829 945 1856; x_wconf 91' lang='lat' dir='ltr'>non</span> <span class='ocrx_word' id='word_1_170' title='bbox 967 1814 1130 1870; x_wconf 87' lang='lat' dir='ltr'>poterit</span> <span class='ocrx_word' id='word_1_171' title='bbox 1153 1813 1369 1869; x_wconf 87' lang='lat' dir='ltr'>sustineri,</span> <span class='ocrx_word' id='word_1_172' title='bbox 1393 1812 1510 1869; x_wconf 90' lang='lat' dir='ltr'>quod</span> 
     </span>
     <span class='ocr_line' id='line_1_24' title="bbox 187 1881 1512 1939; baseline 0.001 -15"><span class='ocrx_word' id='word_1_173' title='bbox 187 1882 420 1926; x_wconf 90' lang='lat' dir='ltr'>cuiuslibet</span> <span class='ocrx_word' id='word_1_174' title='bbox 451 1883 641 1927; x_wconf 89' lang='lat' dir='ltr'>hominis</span> <span class='ocrx_word' id='word_1_175' title='bbox 673 1884 728 1926; x_wconf 91' lang='lat' dir='ltr'>sit</span> <span class='ocrx_word' id='word_1_176' title='bbox 768 1890 935 1926; x_wconf 88' lang='lat' dir='ltr'>tantum</span> <span class='ocrx_word' id='word_1_177' title='bbox 968 1899 1055 1925; x_wconf 84' lang='lat' dir='ltr'>una</span> <span class='ocrx_word' id='word_1_178' title='bbox 1087 1883 1243 1939; x_wconf 84' lang='lat' dir='ltr'>anima,</span> <span class='ocrx_word' id='word_1_179' title='bbox 1278 1889 1322 1925; x_wconf 89' lang='lat' dir='ltr'>et</span> <span class='ocrx_word' id='word_1_180' title='bbox 1352 1881 1426 1924; x_wconf 84' lang='lat' dir='ltr'>illa</span> <span class='ocrx_word' id='word_1_181' title='bbox 1457 1883 1512 1925; x_wconf 85' lang='lat' dir='ltr'>sit</span> 
     </span>
     <span class='ocr_line' id='line_1_25' title="bbox 186 1952 1512 2011; baseline 0.002 -17"><span class='ocrx_word' id='word_1_182' title='bbox 186 1952 428 1996; x_wconf 88' lang='lat' dir='ltr'>formaliter</span> <span class='ocrx_word' id='word_1_183' title='bbox 476 1953 773 2011; x_wconf 88' lang='lat' dir='ltr'>corruptibilis</span> <span class='ocrx_word' id='word_1_184' title='bbox 807 1961 849 1996; x_wconf 90' lang='lat' dir='ltr'>et</span> <span class='ocrx_word' id='word_1_185' title='bbox 883 1970 981 1996; x_wconf 91' lang='lat' dir='ltr'>cum</span> <span class='ocrx_word' id='word_1_186' title='bbox 1013 1953 1098 1997; x_wconf 88' lang='lat' dir='ltr'>hoc</span> <span class='ocrx_word' id='word_1_187' title='bbox 1129 1952 1392 2009; x_wconf 80' lang='lat' dir='ltr'>substancia,</span> <span class='ocrx_word' id='word_1_188' title='bbox 1427 1967 1512 2009; x_wconf 84' lang='lat' dir='ltr'>que</span> 
     </span>
    </p>

    <p class='ocr_par' dir='ltr' id='par_1_5' title="bbox 131 2021 1513 2290">
     <span class='ocr_line' id='line_1_26' title="bbox 131 2021 1511 2081; baseline 0.001 -17"><span class='ocrx_word' id='word_1_189' title='bbox 131 2031 173 2063; x_wconf 71' lang='lat'>25</span> <span class='ocrx_word' id='word_1_190' title='bbox 189 2038 275 2066; x_wconf 91' lang='lat' dir='ltr'>non</span> <span class='ocrx_word' id='word_1_191' title='bbox 327 2025 466 2081; x_wconf 85' lang='lat' dir='ltr'>possit</span> <span class='ocrx_word' id='word_1_192' title='bbox 520 2025 720 2067; x_wconf 90' lang='lat' dir='ltr'>desinere</span> <span class='ocrx_word' id='word_1_193' title='bbox 780 2026 862 2067; x_wconf 88' lang='lat' dir='ltr'>nisi</span> <span class='ocrx_word' id='word_1_194' title='bbox 913 2025 1119 2081; x_wconf 89' lang='lat' dir='ltr'>ponendo</span> <span class='ocrx_word' id='word_1_195' title='bbox 1178 2021 1359 2076; x_wconf 80' lang='lat' dir='ltr'>anima13</span> <span class='ocrx_word' id='word_1_196' title='bbox 1411 2022 1511 2065; x_wconf 88' lang='lat' dir='ltr'>ideo</span> 
     </span>
     <span class='ocr_line' id='line_1_27' title="bbox 186 2092 1513 2151; baseline -0.001 -16"><span class='ocrx_word' id='word_1_197' title='bbox 186 2094 545 2151; x_wconf 87' lang='lat' dir='ltr'>ydemptificetur</span> <span class='ocrx_word' id='word_1_198' title='bbox 594 2095 726 2150; x_wconf 85' lang='lat' dir='ltr'>igitur</span> <span class='ocrx_word' id='word_1_199' title='bbox 776 2096 933 2150; x_wconf 85' lang='lat' dir='ltr'>anime,</span> <span class='ocrx_word' id='word_1_200' title='bbox 995 2100 1038 2136; x_wconf 92' lang='lat' dir='ltr'>et</span> <span class='ocrx_word' id='word_1_201' title='bbox 1090 2093 1331 2136; x_wconf 89' lang='lat' dir='ltr'>secundum</span> <span class='ocrx_word' id='word_1_202' title='bbox 1393 2092 1513 2148; x_wconf 88' lang='lat' dir='ltr'>quod</span> 
     </span>
     <span class='ocr_line' id='line_1_28' title="bbox 189 2163 1512 2221; baseline -0.002 -15"><span class='ocrx_word' id='word_1_203' title='bbox 189 2178 347 2220; x_wconf 89' lang='lat' dir='ltr'>corpus</span> <span class='ocrx_word' id='word_1_204' title='bbox 379 2165 542 2207; x_wconf 81' lang='lat' dir='ltr'>animat</span> <span class='ocrx_word' id='word_1_205' title='bbox 564 2172 630 2207; x_wconf 91' lang='lat' dir='ltr'>est</span> <span class='ocrx_word' id='word_1_206' title='bbox 665 2165 877 2207; x_wconf 81' lang='lat' dir='ltr'>animacio</span> <span class='ocrx_word' id='word_1_207' title='bbox 908 2163 1163 2221; x_wconf 84' lang='lat' dir='ltr'>corporalis,</span> <span class='ocrx_word' id='word_1_208' title='bbox 1198 2170 1240 2206; x_wconf 92' lang='lat' dir='ltr'>et</span> <span class='ocrx_word' id='word_1_209' title='bbox 1271 2163 1512 2205; x_wconf 85' lang='lat' dir='ltr'>secundum</span> 
     </span>
     <span class='ocr_line' id='line_1_29' title="bbox 189 2231 1513 2290; baseline -0.002 -14"><span class='ocrx_word' id='word_1_210' title='bbox 189 2234 306 2290; x_wconf 89' lang='lat' dir='ltr'>quod</span> <span class='ocrx_word' id='word_1_211' title='bbox 339 2240 405 2277; x_wconf 91' lang='lat' dir='ltr'>est</span> <span class='ocrx_word' id='word_1_212' title='bbox 435 2236 526 2278; x_wconf 83' lang='lat' dir='ltr'>vita</span> <span class='ocrx_word' id='word_1_213' title='bbox 556 2234 670 2277; x_wconf 89' lang='lat' dir='ltr'>illius</span> <span class='ocrx_word' id='word_1_214' title='bbox 717 2235 911 2277; x_wconf 88' lang='lat' dir='ltr'>essencie</span> <span class='ocrx_word' id='word_1_215' title='bbox 957 2241 1023 2276; x_wconf 88' lang='lat' dir='ltr'>est</span> <span class='ocrx_word' id='word_1_216' title='bbox 1066 2234 1211 2275; x_wconf 81' lang='lat' dir='ltr'>anima</span> <span class='ocrx_word' id='word_1_217' title='bbox 1242 2231 1513 2276; x_wconf 80' lang='lat' dir='ltr'>immortalis.</span> 
     </span>
    </p>
   </div>
   <div class='ocr_carea' id='block_1_4' title="bbox 190 2302 1515 2362">
    <p class='ocr_par' dir='ltr' id='par_1_6' title="bbox 190 2302 1515 2362">
     <span class='ocr_line' id='line_1_30' title="bbox 190 2302 1515 2362; baseline -0.002 -16"><span class='ocrx_word' id='word_1_218' title='bbox 190 2303 480 2362; x_wconf 88' lang='lat' dir='ltr'>Assumptum</span> <span class='ocrx_word' id='word_1_219' title='bbox 513 2312 660 2348; x_wconf 83' lang='lat' dir='ltr'>autem</span> <span class='ocrx_word' id='word_1_220' title='bbox 691 2304 936 2361; x_wconf 86' lang='lat' dir='ltr'>argumenti</span> <span class='ocrx_word' id='word_1_221' title='bbox 967 2305 1030 2346; x_wconf 89' lang='lat' dir='ltr'>sic</span> <span class='ocrx_word' id='word_1_222' title='bbox 1062 2303 1325 2346; x_wconf 88' lang='lat' dir='ltr'>ostenditur:</span> <span class='ocrx_word' id='word_1_223' title='bbox 1360 2302 1515 2345; x_wconf 88' lang='lat' dir='ltr'>Omnis</span> 
     </span>
    </p>
   </div>
   <div class='ocr_carea' id='block_1_5' title="bbox 201 2400 466 2406">
    <p class='ocr_par' dir='ltr' id='par_1_7' title="bbox 201 2400 466 2406">
     <span class='ocr_line' id='line_1_31' title="bbox 201 2400 466 2406; baseline 0 0"><span class='ocrx_word' id='word_1_224' title='bbox 201 2400 466 2406; x_wconf 95' lang='lat' dir='ltr'> </span> 
     </span>
    </p>
   </div>
   <div class='ocr_carea' id='block_1_6' title="bbox 283 2419 1518 2525">
    <p class='ocr_par' dir='ltr' id='par_1_8' title="bbox 283 2419 1518 2525">
     <span class='ocr_line' id='line_1_32' title="bbox 377 2419 1518 2465; baseline -0.003 -10"><span class='ocrx_word' id='word_1_225' title='bbox 377 2425 408 2456; x_wconf 88' lang='lat'>2.</span> <span class='ocrx_word' id='word_1_226' title='bbox 438 2423 527 2465; x_wconf 86' lang='lat' dir='ltr'>Aug.</span> <span class='ocrx_word' id='word_1_227' title='bbox 554 2422 699 2455; x_wconf 86' lang='lat' dir='ltr'>Enchir.</span> <span class='ocrx_word' id='word_1_228' title='bbox 737 2424 781 2455; x_wconf 83' lang='lat'>27</span> <span class='ocrx_word' id='word_1_229' title='bbox 810 2421 941 2465; x_wconf 68' lang='lat' dir='ltr'>(Miyne</span> <span class='ocrx_word' id='word_1_230' title='bbox 966 2421 1037 2454; x_wconf 89' lang='lat' dir='ltr'>XL</span> <span class='ocrx_word' id='word_1_231' title='bbox 1057 2422 1137 2463; x_wconf 82' lang='lat'><em>215)</em></span> <span class='ocrx_word' id='word_1_232' title='bbox 1165 2420 1255 2463; x_wconf 85' lang='lat' dir='ltr'>Aug.</span> <span class='ocrx_word' id='word_1_233' title='bbox 1274 2431 1377 2453; x_wconf 86' lang='lat' dir='ltr'>serm.</span> <span class='ocrx_word' id='word_1_234' title='bbox 1402 2419 1518 2452; x_wconf 90' lang='lat' dir='ltr'>XLIV</span> 
     </span>
     <span class='ocr_line' id='line_1_33' title="bbox 283 2481 989 2525; baseline -0.001 -11"><span class='ocrx_word' id='word_1_235' title='bbox 283 2482 330 2523; x_wconf 87' lang='lat'>11,</span> <span class='ocrx_word' id='word_1_236' title='bbox 356 2482 407 2514; x_wconf 88' lang='lat'>111</span> <span class='ocrx_word' id='word_1_237' title='bbox 437 2482 567 2525; x_wconf 72' lang='lat' dir='ltr'>(Miyne</span> <span class='ocrx_word' id='word_1_238' title='bbox 592 2481 806 2514; x_wconf 88' lang='lat' dir='ltr'><strong><em>XXXVIII</em></strong></span> <span class='ocrx_word' id='word_1_239' title='bbox 824 2483 892 2513; x_wconf 85' lang='lat'>259</span> <span class='ocrx_word' id='word_1_240' title='bbox 918 2482 989 2522; x_wconf 78' lang='lat' dir='ltr'>sq).</span> 
     </span>
    </p>
   </div>
   <div class='ocr_carea' id='block_1_7' title="bbox 188 2556 469 2561">
    <p class='ocr_par' dir='ltr' id='par_1_9' title="bbox 188 2556 469 2561">
     <span class='ocr_line' id='line_1_34' title="bbox 188 2556 469 2561; baseline 0 0"><span class='ocrx_word' id='word_1_241' title='bbox 188 2556 469 2561; x_wconf 95' lang='lat' dir='ltr'> </span> 
     </span>
    </p>
   </div>
   <div class='ocr_carea' id='block_1_8' title="bbox 188 2582 1521 2918">
    <p class='ocr_par' dir='ltr' id='par_1_10' title="bbox 188 2582 1521 2918">
     <span class='ocr_line' id='line_1_35' title="bbox 288 2582 1518 2633; baseline -0.007 -10"><span class='ocrx_word' id='word_1_242' title='bbox 288 2592 318 2622; x_wconf 90' lang='lat'>1.</span> <span class='ocrx_word' id='word_1_243' title='bbox 343 2589 438 2633; x_wconf 84' lang='lat' dir='ltr'>quod</span> <span class='ocrx_word' id='word_1_244' title='bbox 456 2590 500 2622; x_wconf 82' lang='lat' dir='ltr'>sit</span> <span class='ocrx_word' id='word_1_245' title='bbox 517 2600 581 2621; x_wconf 89' lang='lat' dir='ltr'>om.</span> <span class='ocrx_word' id='word_1_246' title='bbox 599 2589 640 2621; x_wconf 89' lang='grc' dir='ltr'>Β.</span> <span class='ocrx_word' id='word_1_247' title='bbox 688 2590 720 2620; x_wconf 91' lang='grc'>2.</span> <span class='ocrx_word' id='word_1_248' title='bbox 740 2591 774 2620; x_wconf 88' lang='lat' dir='ltr'>et</span> <span class='ocrx_word' id='word_1_249' title='bbox 786 2599 855 2630; x_wconf 77' lang='lat' dir='ltr'>pro</span> <span class='ocrx_word' id='word_1_250' title='bbox 875 2590 912 2619; x_wconf 86' lang='lat' dir='ltr'>ut</span> <span class='ocrx_word' id='word_1_251' title='bbox 925 2586 966 2618; x_wconf 91' lang='lat' dir='ltr'>A.</span> <span class='ocrx_word' id='word_1_252' title='bbox 981 2589 1017 2619; x_wconf 73' lang='lat'>2³</span> <span class='ocrx_word' id='word_1_253' title='bbox 1031 2586 1070 2618; x_wconf 83' lang='lat' dir='ltr'>C.</span> <span class='ocrx_word' id='word_1_254' title='bbox 1121 2585 1294 2617; x_wconf 79' lang='lat' dir='ltr'>disiuncto</span> <span class='ocrx_word' id='word_1_255' title='bbox 1308 2584 1347 2617; x_wconf 93' lang='lat' dir='ltr'>B.</span> <span class='ocrx_word' id='word_1_256' title='bbox 1397 2584 1430 2616; x_wconf 90' lang='lat'>3.</span> <span class='ocrx_word' id='word_1_257' title='bbox 1449 2582 1518 2615; x_wconf 81' lang='lat' dir='ltr'>diei</span> 
     </span>
     <span class='ocr_line' id='line_1_36' title="bbox 188 2641 1520 2692; baseline -0.007 -10"><span class='ocrx_word' id='word_1_258' title='bbox 188 2653 269 2692; x_wconf 70' lang='lat' dir='ltr'>post</span> <span class='ocrx_word' id='word_1_259' title='bbox 286 2649 391 2691; x_wconf 86' lang='lat' dir='ltr'>plane</span> <span class='ocrx_word' id='word_1_260' title='bbox 416 2648 499 2680; x_wconf 77' lang='lat' dir='ltr'>add.</span> <span class='ocrx_word' id='word_1_261' title='bbox 524 2648 564 2679; x_wconf 91' lang='lat' dir='ltr'>B.</span> <span class='ocrx_word' id='word_1_262' title='bbox 590 2650 629 2679; x_wconf 92' lang='lat' dir='ltr'>ut</span> <span class='ocrx_word' id='word_1_263' title='bbox 650 2658 719 2688; x_wconf 80' lang='lat' dir='ltr'>pro</span> <span class='ocrx_word' id='word_1_264' title='bbox 744 2657 810 2678; x_wconf 85' lang='lat' dir='ltr'>nec</span> <span class='ocrx_word' id='word_1_265' title='bbox 835 2646 875 2677; x_wconf 92' lang='lat' dir='ltr'>A.</span> <span class='ocrx_word' id='word_1_266' title='bbox 961 2646 992 2677; x_wconf 88' lang='grc'>8.</span> <span class='ocrx_word' id='word_1_267' title='bbox 1012 2644 1083 2676; x_wconf 82' lang='lat' dir='ltr'>tale</span> <span class='ocrx_word' id='word_1_268' title='bbox 1104 2644 1221 2677; x_wconf 81' lang='lat' dir='ltr'>om.&#39;B.</span> <span class='ocrx_word' id='word_1_269' title='bbox 1307 2644 1338 2675; x_wconf 90' lang='grc'>8.</span> <span class='ocrx_word' id='word_1_270' title='bbox 1366 2643 1396 2675; x_wconf 90' lang='lat'>9.</span> <span class='ocrx_word' id='word_1_271' title='bbox 1422 2641 1520 2674; x_wconf 88' lang='lat' dir='ltr'>dere-</span> 
     </span>
     <span class='ocr_line' id='line_1_37' title="bbox 192 2700 1520 2750; baseline -0.005 -12"><span class='ocrx_word' id='word_1_272' title='bbox 192 2707 368 2750; x_wconf 86' lang='lat' dir='ltr'>linqueret</span> <span class='ocrx_word' id='word_1_273' title='bbox 390 2707 431 2749; x_wconf 85' lang='lat' dir='ltr'>B,</span> <span class='ocrx_word' id='word_1_274' title='bbox 456 2706 656 2748; x_wconf 88' lang='lat' dir='ltr'>relinquent</span> <span class='ocrx_word' id='word_1_275' title='bbox 680 2705 738 2746; x_wconf 89' lang='lat' dir='ltr'>Pr,</span> <span class='ocrx_word' id='word_1_276' title='bbox 765 2704 822 2736; x_wconf 83' lang='lat' dir='ltr'>dei</span> <span class='ocrx_word' id='word_1_277' title='bbox 840 2715 909 2746; x_wconf 74' lang='lat' dir='ltr'>pro</span> <span class='ocrx_word' id='word_1_278' title='bbox 934 2704 984 2735; x_wconf 84' lang='lat' dir='ltr'>rei</span> <span class='ocrx_word' id='word_1_279' title='bbox 1016 2704 1056 2735; x_wconf 92' lang='lat' dir='ltr'>A.</span> <span class='ocrx_word' id='word_1_280' title='bbox 1202 2702 1255 2734; x_wconf 91' lang='lat'>11.</span> <span class='ocrx_word' id='word_1_281' title='bbox 1288 2700 1370 2732; x_wconf 84' lang='lat' dir='ltr'>Non</span> <span class='ocrx_word' id='word_1_282' title='bbox 1390 2711 1453 2732; x_wconf 86' lang='lat' dir='ltr'>om.</span> <span class='ocrx_word' id='word_1_283' title='bbox 1478 2701 1520 2731; x_wconf 94' lang='lat' dir='ltr'>P.</span> 
     </span>
     <span class='ocr_line' id='line_1_38' title="bbox 195 2758 1521 2808; baseline -0.007 -10"><span class='ocrx_word' id='word_1_284' title='bbox 195 2767 250 2797; x_wconf 87' lang='lat'>24.</span> <span class='ocrx_word' id='word_1_285' title='bbox 277 2766 471 2808; x_wconf 83' lang='lat' dir='ltr'>corporalis</span> <span class='ocrx_word' id='word_1_286' title='bbox 489 2766 517 2797; x_wconf 93' lang='lat' dir='ltr'>P</span> <span class='ocrx_word' id='word_1_287' title='bbox 532 2765 589 2797; x_wconf 92' lang='lat' dir='ltr'>Pr.</span> <span class='ocrx_word' id='word_1_288' title='bbox 616 2764 776 2797; x_wconf 78' lang='lat' dir='ltr'>essencia</span> <span class='ocrx_word' id='word_1_289' title='bbox 792 2764 820 2794; x_wconf 92' lang='lat' dir='ltr'>P</span> <span class='ocrx_word' id='word_1_290' title='bbox 848 2773 927 2805; x_wconf 87' lang='lat' dir='ltr'>que.</span> <span class='ocrx_word' id='word_1_291' title='bbox 946 2773 1008 2794; x_wconf 86' lang='lat' dir='ltr'>om.</span> <span class='ocrx_word' id='word_1_292' title='bbox 1027 2761 1084 2793; x_wconf 90' lang='lat' dir='ltr'>Pr.</span> <span class='ocrx_word' id='word_1_293' title='bbox 1181 2761 1236 2793; x_wconf 81' lang='lat'>26.</span> <span class='ocrx_word' id='word_1_294' title='bbox 1263 2758 1521 2801; x_wconf 82' lang='lat' dir='ltr'>demptificetur</span> 
     </span>
     <span class='ocr_line' id='line_1_39' title="bbox 194 2818 1520 2865; baseline -0.006 -10"><span class='ocrx_word' id='word_1_295' title='bbox 194 2824 249 2855; x_wconf 89' lang='lat'>28.</span> <span class='ocrx_word' id='word_1_296' title='bbox 276 2824 408 2857; x_wconf 84' lang='lat' dir='ltr'>animal</span> <span class='ocrx_word' id='word_1_297' title='bbox 432 2825 490 2857; x_wconf 87' lang='lat' dir='ltr'>Pr.</span> <span class='ocrx_word' id='word_1_298' title='bbox 593 2824 649 2856; x_wconf 82' lang='lat'>29.</span> <span class='ocrx_word' id='word_1_299' title='bbox 681 2822 865 2865; x_wconf 77' lang='lat' dir='ltr'>Septinum</span> <span class='ocrx_word' id='word_1_300' title='bbox 892 2831 962 2862; x_wconf 80' lang='lat' dir='ltr'>pro</span> <span class='ocrx_word' id='word_1_301' title='bbox 1000 2820 1230 2862; x_wconf 87' lang='lat' dir='ltr'>Assumptum</span> <span class='ocrx_word' id='word_1_302' title='bbox 1255 2818 1295 2850; x_wconf 93' lang='lat' dir='ltr'>B.</span> <span class='ocrx_word' id='word_1_303' title='bbox 1379 2826 1520 2859; x_wconf 88' lang='lat' dir='ltr'>propor-</span> 
     </span>
     <span class='ocr_line' id='line_1_40' title="bbox 195 2884 615 2918; baseline -0.002 -3"><span class='ocrx_word' id='word_1_304' title='bbox 195 2885 330 2916; x_wconf 84' lang='lat' dir='ltr'>cionari</span> <span class='ocrx_word' id='word_1_305' title='bbox 355 2884 550 2918; x_wconf 83' lang='lat' dir='ltr'>secundum</span> <span class='ocrx_word' id='word_1_306' title='bbox 575 2884 615 2915; x_wconf 84' lang='lat' dir='ltr'>A.</span> 
     </span>
    </p>
   </div>
  </div>
 </body>
</html>
