2035 3359
173 187 227 222 44

217 1172 357 1198 Solution
378 1172 411 1197 of

174 1209 287 1234 second
306 1207 453 1241 difficulty

217 1243 281 1276 (see
301 1251 329 1275 p.
352 1243 410 1275 37).

186 1280 285 1304 There
306 1286 357 1304 are
378 1282 439 1304 two

176 1315 283 1340 bodies
295 1323 301 1340 :
311 1321 369 1340 one
378 1314 452 1339 with

174 1350 330 1376 reference
350 1352 380 1374 to
401 1349 452 1374 the

174 1386 343 1410 inanimata
360 1385 453 1415 being

174 1421 295 1453 ofman,
306 1421 356 1446 the
368 1421 453 1445 other

191 1459 222 1481 to
248 1457 294 1481 his
315 1455 441 1481 soal—in-

185 1491 302 1517 formed
329 1491 440 1516 whole.

191 1528 256 1552 The
277 1526 441 1552 difference

192 1563 224 1587 of
241 1563 291 1587 the
310 1565 393 1593 parts
415 1561 448 1586 of

174 1598 259 1623 these
274 1601 333 1623 two
348 1597 453 1622 bodies

175 1634 200 1657 is
216 1634 284 1657 thus
299 1632 452 1664 manifest,

192 1669 251 1693 and
272 1668 401 1699 through
419 1668 442 1692 it

175 1704 225 1729 the
258 1704 391 1729 solution
424 1703 457 1728 of

235 1740 286 1764 the
315 1739 394 1764 third

200 1774 362 1807 difficulty.
385 1775 429 1799 To

202 1810 261 1834 this
283 1817 329 1834 we
349 1809 426 1834 shall

255 1847 369 1870 return.

179 2081 331 2106 Differ-ent
360 2081 456 2105 views

247 2123 280 2141 as
300 2119 330 2141 to
350 2116 401 2141 the

196 2151 394 2177 coextension
415 2151 448 2175 of

178 2190 239 2212 two
266 2187 396 2218 bodie33
426 2187 456 2210 in

195 2230 264 2247 man
286 2223 368 2247 there
388 2228 439 2246 are

180 2261 239 2283 two
260 2257 456 2282 coextensive

203 2293 311 2318 bodies
331 2293 438 2318 united

182 2329 211 2353 in
233 2336 291 2353 one
316 2327 455 2353 material

249 2370 384 2389 esscnce.

886 191 1124 224 „IOHANNIS
1152 191 1338 224 WICLIF.
1625 177 1726 236 [CAP.
1751 191 1806 216 111.

478 306 626 342 autem
659 300 720 341 sic
748 298 1063 341 intellexerunt
1084 296 1155 340 vel
1189 297 1314 339 aliter
1345 313 1432 340 non
1466 298 1698 352 contendo,
1733 297 1812 339 sed

478 376 582 426 puto
607 385 677 412 me
701 370 826 422 scire,
863 367 981 425 quod
1015 369 1076 409 sic
1107 368 1250 410 forent
1284 368 1401 409 dicta
1434 383 1585 409 eorum
1620 383 1813 410 consona

477 440 643 483 racioni
667 446 710 482 et
732 439 788 482 ad
813 454 989 482 sensum
1014 438 1145 481 alium
1177 445 1381 496 patenter
1416 439 1592 481 dissona
1624 440 1811 482 veritati.

480 511 667 553 Videtur
720 525 825 567 ergo
879 509 1025 565 michi,
1080 510 1198 567 quod
1246 510 1410 552 nedum
1462 515 1604 552 totum
1653 525 1813 566 corpus

477 581 680 636 hominis7
727 581 805 624 sed
852 580 1050 638 quelibet
1094 582 1186 624 eius
1220 597 1323 638 pars
1358 580 1647 638 quantitative.
1679 580 1848 625 habet5

477 651 819 694 substancialem
849 652 1037 694 formam
1069 651 1466 708 proporcionaliter
1499 652 1733 707 diversam,
1766 658 1814 694 ut

478 737 557 764 sua
590 723 780 780 quiditas
812 723 1020 766 variatur.

536 793 595 836 Et
618 799 741 850 patet
773 792 829 834 ad
862 793 1049 850 primam
1084 792 1385 835 difficultatem
1419 792 1603 849 solucio‚
1640 808 1696 835 ex
1729 810 1815 851 qua

480 880 578 907 cum
615 862 840 907 declarata
873 863 1160 906 distinccione
1204 864 1320 906 inter
1365 879 1540 920 corpus,
1585 865 1704 921 quod
1751 872 1816 908 est

478 952 581 994 pars
617 935 881 993 qualitativa
912 935 1115 991 hominis7
1151 941 1193 977 et
1226 950 1398 992 corpus,
1446 936 1565 991 quod
1599 943 1665 978 est
1695 942 1815 979 totus
1832 948 1874 980 10

478 1008 611 1049 homo
639 1021 696 1048 ex
720 1022 908 1064 corpore
932 1012 976 1048 et
998 1006 1143 1048 anima
1165 1007 1425 1064 integratus7
1457 1013 1505 1049 ut
1527 1013 1650 1065 patet
1673 1008 1814 1064 primo

479 1077 683 1134 capitulo.

538 1148 729 1191 Videtur
752 1147 1024 1191 solucionem
1048 1149 1242 1191 secunde
1274 1148 1541 1191 difficultatis
1575 1148 1814 1204 lucescere,

481 1219 663 1274 scilicet,
714 1219 831 1276 quod
875 1218 950 1261 illa
995 1226 1095 1262 sunt
1134 1219 1221 1262 duo
1269 1235 1470 1276 corpora,
1513 1235 1648 1262 unum
1681 1221 1815 1277 parti-

480 1291 708 1347 cipacione
731 1290 871 1332 forme
888 1290 1150 1344 extrinsece,
1176 1305 1262 1347 quo
1287 1290 1342 1331 ad
1367 1290 1461 1332 eius
1487 1306 1584 1332 esse
1605 1291 1815 1333 inanima·
1834 1304 1875 1335 15

477 1369 585 1415 tum,
619 1367 662 1403 et
700 1359 819 1403 aliud
855 1375 934 1417 per
975 1376 1021 1403 se
1056 1360 1110 1402 ab
1144 1361 1382 1404 intrinseco
1417 1362 1671 1417 animatum,
1714 1363 1817 1419 quia

479 1433 534 1476 ab
577 1432 734 1487 anima,
782 1446 867 1488 que
902 1438 968 1474 est
1000 1447 1082 1489 per
1113 1447 1160 1474 se
1194 1433 1287 1474 eius
1321 1447 1423 1488 pars
1457 1432 1727 1490 qualitativa,
1775 1439 1818 1476 et

481 1505 541 1547 sic
590 1503 917 1546 communicant
961 1503 1005 1545 in
1050 1502 1267 1545 materiali
1301 1504 1532 1560 principio,
1587 1503 1676 1546 Sed
1719 1520 1816 1546 cum

481 1574 678 1632 quelibet
724 1589 827 1630 pars
877 1574 1170 1630 quantitativa
1216 1574 1435 1616 sensibilis
1482 1575 1717 1632 compositi
1763 1591 1818 1617 ex

480 1661 664 1702 corpore
698 1650 740 1687 et
773 1645 916 1686 anima
938 1644 1074 1686 habet
1097 1644 1318 1702 disparem
1342 1645 1525 1687 formam
1549 1646 1818 1689 substancia:
1834 1657 1877 1688 20

479 1716 565 1758 lem
612 1731 636 1757 a
680 1716 821 1757 forma
865 1715 1149 1758 substanciali
1195 1717 1394 1773 corporis
1435 1717 1644 1774 simplicis
1677 1733 1817 1760 rema-

480 1787 636 1840 nentis,
684 1792 818 1843 patet,
854 1787 897 1827 in
937 1801 1022 1842 quo
1059 1787 1266 1829 differunt
1298 1787 1380 1829 iste
1415 1788 1499 1829 due
1533 1795 1690 1831 nature
1724 1804 1817 1830 cor-

480 1874 630 1915 poree,
667 1864 710 1900 ct
742 1858 805 1900 sic
838 1859 1088 1914 oppositum
1122 1859 1248 1899 tercii
1282 1857 1405 1900 dubii
1438 1858 1660 1901 elucescit.
1694 1859 1818 1902 Istud

480 1936 628 1971 tamen
667 1928 839 1985 patebit
872 1928 1057 1985 planius,
1101 1944 1198 1970 cum
1231 1930 1417 1972 materia
1451 1930 1506 1972 de
1538 1929 1819 1974 multitudine

483 2000 724 2041 animarum
759 1999 1033 2042 tractabitur.
1834 2013 1877 2043 ‘25

543 2070 629 2113 Sed
654 2086 733 2127 pro
759 2072 1015 2113 extensione
1040 2085 1275 2127 corporum
1309 2077 1375 2113 est
1406 2072 1663 2127 notandum,
1700 2074 1817 2130 quod

486 2142 648 2183 diversi
674 2141 972 2184 diversimode
1000 2140 1203 2183 locuntur
1225 2142 1280 2183 de
1310 2144 1623 2186 coextensione
1656 2160 1817 2187 rerum.

485 2212 676 2265 Quidam
703 2212 866 2264 dicunt,
892 2212 1009 2269 quod
1034 2212 1151 2255 nulle
1176 2220 1274 2255 sunt
1297 2213 1548 2256 substancie
1569 2222 1820 2270 coextense‚

483 2284 565 2325 nisi
610 2282 803 2325 habeant
841 2284 1260 2326 incommunicantes
1306 2286 1513 2327 materias
1544 2292 1820 2330 coextensas.

542 2379 575 2409 4.
603 2388 685 2419 ergo
706 2389 767 2409 om.
786 2378 826 2410 B.
925 2380 954 2410 6.
981 2378 1158 2420 propriam
1185 2379 1212 2409 P
1229 2379 1285 2420 Pr,
1314 2381 1349 2411 ῐη
1368 2391 1476 2423 marg.
1502 2379 1822 2422 proporeionaliter

485 2437 600 2469 altera
617 2447 745 2468 manus
764 2437 836 2469 cod.
856 2437 912 2469 Pr.
990 2439 1043 2468 11.
1058 2438 1272 2479 integratum
1290 2438 1316 2469 C
1331 2438 1388 2470 Pr.
1472 2441 1525 2471 13.
1541 2439 1676 2471 solucio
1694 2439 1721 2470 Β
1739 2438 1766 2471 C
1781 2439 1821 2472 P.

484 2495 605 2527 lucere
631 2495 731 2527 PPr.
855 2496 908 2527 15.
936 2506 1006 2537 quo
1033 2508 1095 2527 om.
1124 2497 1161 2528 P.
1272 2498 1349 2529 eius
1377 2486 1421 2530 Q
1447 2500 1524 2539 (sic)
1554 2499 1753 2531 essenciam
1779 2499 1820 2539 A,

487 2554 686 2586 esseneiam
715 2553 742 2585 C
757 2554 785 2585 P
802 2555 857 2595 Pr,
885 2555 1081 2586 animatum
1108 2555 1137 2586 A
1154 2554 1180 2586 C
1196 2556 1223 2587 l'
1238 2556 1295 2588 l'r.
1396 2559 1449 2590 17.
1477 2561 1511 2589 et
1528 2568 1591 2599 per
1610 2568 1648 2589 se
1667 2559 1718 2590 eis
1736 2558 1765 2589 Β
1782 2557 1819 2590 C.

490 2615 542 2645 19.
563 2612 723 2654 quelibet
741 2614 817 2645 eius
836 2624 917 2656 pars
945 2613 983 2645 C.
1069 2615 1257 2657 compositi
1276 2627 1338 2648 om.
1356 2615 1396 2647 A.
1495 2618 1550 2648 20.
1569 2617 1702 2648 habent
1720 2617 1747 2648 P
1762 2617 1820 2649 Pr.

487 2673 541 2703 25.
562 2673 607 2703 sit
624 2674 775 2704 tractata
793 2672 832 2714 B,
859 2673 905 2704 sit
922 2676 1136 2715 pertractata
1156 2674 1182 2704 Ι)
1199 2675 1255 2716 Pr,
1280 2675 1325 2706 sit
1342 2678 1519 2717 pertracta
1535 2675 1572 2707 C.
1647 2677 1702 2707 26.
1722 2676 1821 2708 sitB.

487 2732 541 2761 27.
569 2730 759 2772 loquentur
786 2734 824 2763 ut
849 2731 898 2762 hii
925 2731 1021 2773 quod
1048 2731 1137 2763 nulli
1157 2736 1239 2764 sunt
1265 2735 1449 2765 coextensi
1468 2735 1533 2765 nisi
1560 2736 1601 2777 P,
1628 2735 1822 2777 loquuntur

486 2789 581 2830 quod
600 2788 699 2821 nulla
720 2790 765 2821 sit
783 2794 988 2832 coextensa,
1014 2791 1084 2824 nisi
1102 2791 1236 2824 habent
1250 2792 1309 2824 Pr.
1366 2804 1552 2835 corporum
1571 2798 1633 2827 aut
1649 2805 1768 2826 rerum
1779 2794 1819 2827 A.

486 2850 540 2879 29.
568 2849 870 2881 comumnicantcs
896 2850 935 2882 B.
