2035 3359
670 792 705 846 I.
741 791 1044 847 GENERAL
1083 790 1298 846 INDEX.

116 993 241 1025 Aleum
266 1004 297 1026 v.
327 994 466 1025 semina
491 993 667 1025 arborum.

115 1051 310 1093 Angwillus
336 1062 369 1083 v.
395 1051 593 1083 anulosum.

116 1110 245 1141 Anima
269 1120 301 1141 v.
328 1109 485 1148 materia,
512 1120 650 1151 corpus,
675 1119 815 1149 nomen,
833 1109 950 1150 homo,

183 1167 424 1209 ligamentum.

115 1245 159 1249 -—
184 1226 340 1258 humana
367 1229 420 1258 est
444 1227 586 1268 spiritus
613 1229 750 1258 creatus
777 1226 808 1264 3,
835 1226 889 1256 25.

117 1303 161 1307 —
188 1288 222 1316 et
248 1285 390 1326 spiritus
418 1285 581 1316 dicuntur
607 1285 777 1326 equivoce
797 1284 874 1324 104,
894 1284 947 1314 22.

116 1362 160 1366 —
187 1346 239 1374 est
263 1342 489 1374 indivisibilis
516 1344 548 1382 3,
574 1343 629 1374 25.

115 1420 157 1424 ——
183 1401 448 1432 indivisibilitas
466 1401 645 1442 probatur,
672 1400 766 1442 quod
793 1401 845 1431 vis
863 1401 948 1431 ima-

184 1460 341 1501 ginativa
367 1463 419 1490 est
445 1460 548 1500 quasi
574 1458 757 1501 speculum
783 1459 838 1499 90,
866 1460 894 1491 1.

114 1537 159 1541 -—
187 1522 239 1549 est
264 1518 428 1550 accidens
455 1519 511 1558 45,
541 1519 595 1550 18.

114 1595 159 1599 —
184 1576 320 1607 receius
348 1586 474 1618 corpus
509 1576 637 1607 accidit
668 1577 807 1608 animae
834 1577 890 1615 46,
918 1577 947 1608 7.

115 1654 159 1657 ——-
187 1638 239 1666 est
263 1635 377 1666 forma
404 1634 613 1676 exemplaris
638 1636 692 1674 46,
722 1636 753 1665 8.

116 1711 156 1715 -
184 1694 386 1735 vegetativa
425 1694 478 1732 66,
505 1695 539 1735 2,
577 1694 631 1732 73,
664 1694 694 1724 6.
721 1694 816 1734 prius
844 1701 948 1734 quam

184 1752 351 1783 sensitiva
375 1753 430 1793 82,
458 1753 476 1783 7
496 1763 541 1783 ss.
570 1752 611 1783 cf.
639 1752 692 1791 83,
724 1753 782 1792 10,
811 1753 866 1791 91,
894 1752 946 1782 19.

115 1828 156 1832 —
185 1811 353 1842 sensitiva
379 1812 433 1849 66,
460 1812 491 1842 3.

117 1887 160 1890 —-
185 1868 405 1900 intellectiva
448 1870 503 1909 45,
547 1871 605 1909 16,

188 1931 240 1958 est
266 1928 407 1969 spiritus
433 1926 640 1958 immortalis
668 1927 745 1966 115,
771 1928 801 1958 6.

651 1872 703 1900 est
746 1868 948 1908 1301003115,

116 2004 157 2008 —
191 1986 344 2017 animam
370 1986 572 2017 nutritivam
598 1986 635 2016 in
654 1988 766 2027 epate,
792 1984 947 2016 intellec-

183 2044 290 2075 tivam
329 2045 365 2075 in
410 2044 566 2082 cerebro,
605 2044 867 2075 desiterativam
912 2043 948 2074 in

186 2101 289 2134 corde
316 2102 401 2134 dicit
426 2102 528 2134 Plato
556 2103 609 2139 77,
638 2103 691 2133 10.

116 2179 155 2182 —
185 2161 348 2192 animalis
375 2166 426 2193 est
445 2160 680 2200 indivisibilis,
709 2163 761 2191 est
785 2160 869 2200 vita,
896 2163 948 2191 est

182 2222 256 2251 tota
280 2220 317 2251 in
343 2220 502 2261 qualibet
527 2220 601 2251 eius
627 2223 725 2260 parte
751 2220 804 2259 76,
834 2220 887 2250 13.

115 2296 155 2300 —
183 2278 224 2309 In
262 2279 409 2309 materia
446 2278 562 2309 anime
603 2280 654 2308 est
692 2276 836 2318 quidam
862 2276 946 2308 01110

184 2337 341 2378 parcium
367 2338 422 2376 88,
451 2338 511 2378 133
543 2346 610 2377 que
643 2339 725 2368 sunt
757 2336 946 2367 communi-

190 2399 310 2427 cantes
338 2399 372 2427 et
396 2406 468 2426 una
494 2395 698 2437 principalis
724 2395 778 2434 88,
805 2396 859 2425 22.

116 2473 157 2476 —
184 2464 255 2485 non
282 2457 333 2486 est
359 2454 567 2495 separabilis
594 2455 647 2493 67,
675 2455 730 2484 20.

116 2530 156 2534 -—-
185 2515 218 2544 et
234 2522 375 2554 corpus:
397 2515 448 2544 est
468 2511 718 2544 substancialis
743 2511 946 2553 disposicio,

185 2580 255 2611 qua
269 2570 396 2602 dicitur
411 2581 538 2612 corpus
553 2570 745 2601 animatum
759 2572 946 2611 utrumque

184 2628 280 2660 aliud
306 2639 412 2671 quam
442 2629 617 2671 reliquum
650 2632 684 2660 et
715 2631 835 2660 tamen
866 2632 946 2659 sunt

186 2687 307 2719 eadem
332 2698 499 2729 persona,
527 2687 746 2728 disparatae3
773 2686 946 2728 quidquid

183 2745 311 2777 accidit
336 2744 630 2777 communicabile
664 2744 839 2776 ambobus
867 2745 944 2785 124,

185 2804 225 2834 11
255 2813 298 2835 ss.
327 2804 445 2835 anima
463 2802 654 2844 corporalis
680 2805 713 2834 et
737 2803 944 2834 immortalis

188 2862 263 2903 125,
289 2863 332 2893 26
371 2873 422 2904 sq.
449 2861 492 2894 cf.
520 2863 597 2900 162,
630 2861 690 2902 293
719 2861 797 2901 127,
823 2862 866 2892 20
893 2871 943 2903 sq.

1091 1002 1161 1023 non
1188 991 1361 1033 dependet
1386 1000 1459 1022 una
1483 1000 1505 1022 a
1529 989 1665 1031 reliqua
1691 990 1767 1029 128,
1795 989 1856 1030 193

1091 1060 1161 1081 non
1197 1050 1234 1080 in
1269 1059 1346 1081 esse
1377 1058 1492 1090 neque
1529 1048 1563 1078 in
1590 1047 1667 1078 fiori
1694 1047 1771 1088 128,
1798 1047 1852 1079 27.

1024 1127 1064 1131 —-
1093 1108 1207 1139 carnis
1233 1108 1269 1138 in
1296 1106 1478 1148 sangwine
1505 1106 1559 1144 72,
1588 1106 1642 1136 13.

1023 1185 1063 1189 ——
1091 1176 1159 1208 quo
1198 1165 1301 1197 modo
1341 1168 1393 1196 est
1430 1162 1665 1205 corruptibilis
1693 1163 1769 1201 107,
1796 1162 1856 1202 183

1092 1224 1134 1256 ef.
1164 1225 1241 1263 106,
1271 1225 1323 1255 11,

1025 1302 1058 1305 -
1090 1292 1161 1314 non
1181 1282 1414 1323 corrumpitur
1433 1280 1554 1311 divisis
1573 1279 1699 1311 atomis
1719 1279 1848 1318 94,11;

1090 1342 1146 1380 96,
1166 1342 1218 1372 13.
1246 1339 1479 1380 corrumpitur
1496 1337 1644 1369 materia
1662 1335 1849 1369 essenciali

1091 1402 1265 1441 corrupta,
1291 1397 1504 1429 accidentali
1531 1398 1689 1428 servatur
1715 1395 1771 1434 98,
1798 1395 1852 1426 15.

1021 1458 1204 1489 Animacio
1230 1467 1263 1488 v.
1289 1457 1441 1498 spiritus,
1466 1453 1762 1496 ydemptificacio.

1022 1535 1063 1539 ——
1091 1519 1145 1547 est
1158 1515 1323 1547 accidens
1338 1514 1458 1555 verbo,
1475 1514 1587 1544 forma
1605 1510 1855 1543 substancialis

1092 1576 1168 1616 119,
1198 1575 1250 1606 19.

1020 1634 1206 1667 Animacio
1234 1631 1425 1674 corporalis
1452 1632 1531 1669 125,
1556 1632 1619 1671 26,
1646 1631 1724 1673 127,
1753 1631 1784 1661 7.

1022 1692 1162 1724 Α11111131
1201 1694 1252 1723 est
1290 1690 1387 1722 aliud
1425 1689 1618 1722 secundum
1660 1688 1855 1727 materiam,

1090 1750 1184 1782 idem
1210 1749 1404 1781 seeundum
1423 1749 1570 1780 formam
1589 1748 1643 1788 99,
1663 1748 1723 1787 19,
1742 1756 1854 1778 corre-

1091 1808 1304 1850 spondenter
1313 1807 1355 1839 de
1370 1807 1514 1838 homine
1529 1807 1676 1847 eiusque
1690 1804 1854 1836 membris

1091 1867 1147 1907 99,
1173 1868 1228 1906 21,
1249 1867 1325 1905 100,
1354 1866 1385 1898 5.

1021 1945 1064 1948 —
1091 1929 1142 1957 est
1173 1935 1253 1967 pars
1285 1923 1447 1955 animalis
1476 1926 1515 1954 ut
1542 1922 1754 1954 elementum
1781 1921 1850 1954 ele-

1090 1984 1210 2024 menti,
1235 1983 1340 2015 1101110
1366 1982 1640 2024 populi92,13;
1668 1981 1710 2014 cf.
1738 1981 1792 2021 92,
1820 1982 1852 2014 6.

1020 2042 1168 2074 Animus
1193 2052 1225 2074 v.
1253 2052 1360 2073 mens.

1020 2100 1217 2132 Anulosum
1237 2100 1282 2141 (v.
1293 2099 1388 2141 aves)
1405 2098 1610 2130 animalium
1625 2098 1853 2130 anulosorum

1090 2162 1209 2200 partes
1243 2158 1382 2189 abscise
1415 2157 1540 2188 vivunt
1566 2157 1789 2196 sensibiliter,
1814 2159 1854 2187 ut

1090 2219 1186 2258 patet
1203 2216 1246 2248 de
1265 2215 1487 2257 serpentibus
1507 2218 1539 2246 et
1557 2214 1731 2257 angwillis
1751 2215 1804 2252 77,
1820 2215 1851 2246 6.

1022 2295 1061 2299 —
1089 2276 1126 2306 in
1153 2275 1302 2306 anuloso
1330 2277 1382 2305 est
1414 2273 1497 2304 dare
1530 2273 1703 2314 quotlibet
1735 2276 1851 2314 partes

1088 2337 1160 2365 tarn
1179 2333 1479 2365 communicantes
1498 2341 1603 2373 quam
1618 2331 1850 2362 incommuni-

1089 2395 1208 2423 cantes
1235 2392 1289 2431 96,
1317 2392 1346 2422 6.

1019 2450 1275 2491 Augnientacio
1292 2453 1325 2480 et
1343 2448 1534 2479 diminueio
1553 2448 1710 2489 corporis
1723 2448 1779 2487 41,
1798 2448 1850 2478 16.

1018 2508 1154 2541 Arietes
1180 2519 1212 2540 v.
1239 2519 1334 2540 aves.

1018 2567 1110 2599 Aves
1126 2571 1160 2599 et
1173 2567 1309 2599 Arietes
1323 2568 1510 2598 moventur
1522 2568 1601 2607 post
1614 2565 1850 2597 abscisionem

1088 2627 1243 2668 capitum
1270 2626 1325 2665 66,
1351 2626 1405 2657 23.

1017 2685 1137 2716 Bestia
1162 2688 1293 2726 puncta
1319 2683 1363 2715 ad
1389 2693 1527 2714 omnem
1552 2684 1720 2724 punctum
1745 2681 1850 2713 sentit

1087 2746 1299 2784 puncturam
1318 2743 1371 2781 76,
1400 2743 1433 2774 6.

1017 2801 1116 2833 Bruti
1142 2800 1342 2832 animalitas
1380 2799 1562 2841 cognoscit
1595 2799 1714 2830 omnia
1740 2798 1848 2830 sensi-

1085 2859 1158 2891 bila
1184 2859 1238 2900 89,
1268 2860 1318 2890 14.
