2035 3359
191 241 277 266 CAP.
297 230 348 287 v.]
501 245 567 276 DE
595 244 949 277 COMPOSICIONE
976 244 1187 277 HOMINIS.
1735 238 1787 275 79

184 349 239 390 ad
274 348 437 390 doloris
469 348 627 403 locum⁷
650 349 819 406 reliquo
844 349 975 391 nichil
1000 350 1174 405 penitus
1198 347 1431 403 senciente,
1458 355 1500 391 et

183 425 282 475 post
326 419 480 461 eodem
524 419 785 462 vermiculos
829 420 869 460 in
915 420 1052 461 frusta
1103 418 1381 460 conformiter
1413 434 1501 460 mo-

182 489 336 530 vencia
380 489 640 531 inciderunt.
685 489 742 530 Et
786 504 840 530 ex
891 489 981 530 istis
1030 494 1162 544 patet,
1199 489 1314 544 quod
1356 489 1500 530 anima

182 560 388 602 sensitiva
420 566 485 601 est
518 559 756 602 secundum
790 574 835 601 se
867 565 1001 600 totam
1026 558 1267 600 subiective
1300 559 1345 600 in
1375 565 1499 615 parte

148 630 470 685 5quantitativa
503 629 699 670 animalis
733 629 980 670 huiusmodi
1014 627 1195 670 anulosi.

240 699 327 741 Sed
372 714 551 741 necesse
597 706 662 741 est
707 714 787 755 pro
834 699 1101 740 discussione
1145 697 1342 740 ulteriori
1372 697 1499 740 huius
1516 706 1724 737 Questionzh
1741 708 1791 733 the

181 770 361 811 materie
393 770 473 811 tria
496 769 647 811 videre
671 784 749 825 per
772 769 980 810 ordinem.
1005 768 1164 823 Primo,
1189 768 1223 809 si
1246 774 1502 823 argumenta
1533 743 1771 803 seuaeitffigussoui

180 839 587 896 philosophancium
612 838 814 896 probant,
839 839 955 895 quod
979 837 1097 880 nulla
1120 838 1262 879 anima
1294 838 1501 880 sensitiva
1557 813 1756 844 magmmde?

181 910 235 950 sit
255 908 369 951 mole
392 924 561 964 magna.
596 909 654 951 Et
684 910 872 964 videtur,
907 909 1021 964 quod
1045 922 1153 961 non3
1176 923 1274 949 nam
1308 909 1419 950 sicut
1441 908 1497 949 ad

126 986 166 1017 10
181 994 350 1021 omnem
374 985 583 1036 punctum
609 979 804 1021 animalis
828 985 893 1021 est
914 980 987 1032 ita,
1012 979 1128 1035 quod
1152 979 1258 1020 vivit
1281 984 1323 1019 et
1355 979 1498 1032 sentit,

178 1050 238 1090 ita
271 1049 324 1090 ad
360 1065 532 1091 omnem
576 1055 789 1105 punctum
834 1048 980 1105 plante
1026 1054 1091 1090 est
1122 1048 1192 1102 ita,
1228 1048 1346 1104 quod
1377 1048 1497 1102 vivit,

176 1133 324 1173 ymmo
372 1119 425 1160 ad
466 1119 699 1161 cuiuslibet
737 1134 832 1161 esse
873 1134 1044 1161 omnem
1078 1124 1289 1173 punctum
1330 1124 1394 1160 est
1425 1118 1497 1171 ita,
1523 1140 1771 1180 1tw9u1dseem

180 1189 294 1244 quod
345 1195 410 1231 est
454 1188 633 1246 aliquid,
680 1195 722 1231 et
770 1195 915 1230 tamen
958 1204 1040 1230 nec
1096 1189 1186 1230 vita
1229 1187 1375 1243 plante
1419 1176 1791 1243 necneosibissrnffiaiixitisoit

178 1258 409 1301 cuiuslibet
451 1260 672 1301 inanimati
729 1260 922 1301 essencia
968 1258 1037 1300 vel
1083 1259 1272 1315 quiditas
1329 1264 1393 1300 est
1437 1258 1498 1300 in·
1576 1246 1625 1271 the
1647 1246 1737 1279 b⁰dy‘

121 1335 161 1366 15
178 1327 453 1370 divisibiliter
475 1329 778 1386 multiplicata3
804 1344 907 1385 ergo
930 1344 1015 1371 non
1030 1329 1225 1383 sequitur
1248 1328 1303 1369 ad
1327 1343 1498 1370 omnem

175 1405 383 1455 punctum
434 1399 629 1441 animalis
678 1406 742 1441 est
772 1400 915 1456 ipsum
958 1400 1122 1454 vivere,
1170 1413 1272 1453 ergo
1305 1399 1395 1440 vita
1426 1398 1499 1439 illa

177 1475 241 1510 est
286 1469 560 1512 indivisibilis
595 1470 737 1526 quoad
772 1468 944 1512 molem.
987 1469 1280 1511 Confirmatur
1313 1484 1368 1511 ex
1399 1468 1495 1523 hoc,

176 1539 293 1596 quod
328 1540 419 1582 vita
450 1539 647 1581 animalis
682 1546 747 1582 est
770 1539 1023 1596 corporalis,
1060 1555 1163 1595 ergo
1188 1538 1302 1581 mole
1326 1554 1495 1595 magna.

236 1610 319 1651 Hic
343 1610 513 1662 dicitur,
548 1610 666 1666 quod
691 1610 830 1651 omnis
854 1609 1107 1651 substancia
1131 1623 1346 1666 corporea
1363 1609 1498 1652 habet
1523 1631 1641 1656 nutum
1655 1632 1773 1665 quidity

1547 1666 1580 1691 of
1596 1666 1701 1692 bodies
1722 1668 1748 1692 is

118 1685 161 1717 20
177 1679 432 1736 quiditatem
474 1679 798 1721 indivisibiliter
838 1679 1181 1736 multiplicatam,
1236 1680 1345 1721 sicut
1383 1679 1496 1721 bene
1557 1700 1733 1761 indliviflibly

1553 1743 1601 1761 mu
1616 1736 1731 1768 tiplied.

177 1751 373 1813 seoquitur
406 1766 461 1792 ex
493 1750 793 1792 antecedente.
829 1749 1119 1806 Assumptum
1154 1756 1273 1805 patet
1304 1765 1358 1791 ex
1381 1750 1494 1805 posi·
1522 1771 1696 1797 Universal.
1717 1780 1768 1798 „e

1582 1807 1709 1832 without

176 1820 300 1862 ci‘one
332 1819 659 1874 universalium,
694 1836 778 1877 que
803 1835 889 1862 non
924 1826 1024 1862 sunt
1055 1819 1169 1861 mole
1202 1835 1372 1875 magna,
1396 1819 1498 1861 licet
1553 1842 1738 1875 magnitude,

176 1905 254 1931 sua
286 1892 511 1947 supposita
544 1891 607 1932 sic
640 1891 723 1932 sint
755 1906 923 1945 magna.
959 1889 1186 1932 Generalis
1220 1891 1366 1946 itaque
1401 1904 1493 1931 cor·
1511 1876 1607 1937 νῖἒᾏῖιέ
1621 1878 1782 1944 ζῗιῗῇἶῖξιὶ

174 1962 362 2016 poreitas
407 1960 571 2017 ubique
606 1967 681 2015 est,
731 1967 773 2002 et
820 1960 892 2001 illa
936 1966 1001 2002 est
1045 1960 1233 2016 quiditas
1274 1975 1324 2002 ac
1354 1960 1493 2002 forma

116 2037 158 2068 25
175 2031 489 2088 cuiuscumque
524 2031 771 2073 substancie
804 2029 1039 2072 materialis
1073 2029 1314 2085 singularis.

233 2099 319 2143 Sed
344 2101 398 2143 de
430 2101 578 2143 formis
604 2100 896 2156 singularibus
921 2106 986 2142 est
1010 2099 1255 2142 difficultas.
1290 2100 1396 2142 Ideo
1419 2115 1489 2142 no-

172 2171 365 2225 tandum,
383 2171 514 2227 quod,
531 2172 639 2213 sicut
655 2170 886 2212 cuiuslibet
901 2171 1096 2226 corporis
1115 2170 1331 2224 omogenii
1353 2170 1492 2212 forma

171 2240 324 2284 ultima
356 2248 420 2284 est
452 2248 645 2293 extensa,
693 2242 754 2283 sic
789 2240 1019 2283 cuiuslibet
1051 2241 1245 2296 corporis
1279 2242 1490 2296 etrogenii

227 2407 258 2437 3.
283 2405 368 2447 ipsis
393 2405 433 2445 P,
471 2404 565 2448 quod
591 2416 652 2436 om.
681 2405 718 2436 C.
832 2406 862 2436 5.
889 2404 1020 2436 animal
1046 2405 1085 2436 B.
1198 2407 1228 2437 6.
1255 2405 1356 2437 istius
1392 2405 1489 2437 PPr.

172 2466 201 2495 7.
227 2465 295 2495 tria
319 2475 381 2496 om.
408 2464 446 2495 C.
590 2464 620 2495 9.
648 2473 728 2494 nam
760 2463 789 2494 si
816 2463 856 2504 A,
890 2473 970 2494 nam
1002 2474 1064 2494 om.
1090 2463 1190 2503 BPr,
1223 2464 1314 2495 sicut
1344 2475 1405 2495 om.
1432 2464 1488 2495 Pr.

173 2524 226 2554 12.
251 2523 494 2565 cuiuscunque
519 2522 576 2562 Pr,
611 2532 688 2553 esse
719 2533 782 2554 om.
815 2521 855 2552 A.
1002 2522 1051 2552 14.
1078 2521 1136 2553 vel
1162 2521 1315 2563 quiditas
1341 2533 1403 2553 om.
1432 2522 1488 2554 Pr.

174 2583 223 2613 14.
254 2583 306 2614 15.
333 2580 559 2612 indivisibilis
588 2580 645 2611 Pr.
768 2582 819 2611 16.
859 2590 935 2611 esse
965 2579 1006 2619 A,
1033 2583 1200 2621 punctum
1219 2591 1280 2611 om.
1309 2580 1347 2620 C,
1374 2581 1487 2622 ipsum

169 2639 284 2671 dicere
311 2640 428 2671 vivere
457 2638 494 2671 C.
617 2640 668 2670 17.
697 2638 741 2669 Et
772 2637 997 2669 confirmatur
1022 2638 1062 2670 B.
1167 2641 1222 2670 20.
1250 2638 1405 2680 quelibet
1419 2649 1487 2679 pro

170 2696 282 2729 omnis
319 2697 417 2730 CPr.
516 2696 706 2738 corporalis
746 2696 843 2728 CPr.
987 2698 1042 2729 20.
1077 2697 1105 2727 si
1144 2700 1262 2728 autem
1301 2697 1391 2728 bene
1430 2697 1485 2728 Pr.

169 2758 224 2789 23.
250 2760 332 2788 sunt
358 2757 385 2787 B
402 2756 427 2789 C
443 2756 541 2788 PPr.
637 2759 744 2797 atque
765 2767 833 2796 pro
858 2756 977 2798 itaque
1004 2755 1042 2787 C.
1139 2756 1193 2787 24.
1212 2759 1273 2787 aut
1293 2766 1362 2796 pro
1381 2765 1421 2786 ac
1447 2755 1485 2786 P.

168 2816 221 2846 26.
262 2814 304 2847 de
342 2827 402 2847 om,
437 2815 477 2847 P.
597 2813 806 2845 difficulatas
844 2814 883 2846 B.
1015 2813 1103 2844 Item
1139 2824 1206 2853 pro
1243 2813 1322 2844 ideo
1362 2812 1484 2844 BCP.

167 2875 221 2906 29.
246 2875 473 2915 etromogenii
500 2873 524 2904 A
554 2878 582 2904 ec
607 2874 654 2903 sic
677 2877 806 2913 postea.
