<?xml version="1.0" encoding="UTF-8"?>
<!DOCTYPE html PUBLIC "-//W3C//DTD XHTML 1.0 Transitional//EN"
    "http://www.w3.org/TR/xhtml1/DTD/xhtml1-transitional.dtd">
<html xmlns="http://www.w3.org/1999/xhtml" xml:lang="en" lang="en">
 <head>
  <title>
</title>
<meta http-equiv="Content-Type" content="text/html;charset=utf-8" />
  <meta name='ocr-system' content='tesseract 3.04.00' />
  <meta name='ocr-capabilities' content='ocr_page ocr_carea ocr_par ocr_line ocrx_word'/>
</head>
<body>
  <div class='ocr_page' id='page_1' title='image "./decompositioneho00wycl_0123.png"; bbox 0 0 2035 3359; ppageno 0'>
   <div class='ocr_carea' id='block_1_1' title="bbox 172 205 1788 262">
    <p class='ocr_par' dir='ltr' id='par_1_1' title="bbox 172 205 1788 262">
     <span class='ocr_line' id='line_1_1' title="bbox 172 205 1788 262; baseline 0.005 -14"><span class='ocrx_word' id='word_1_1' title='bbox 172 217 254 243; x_wconf 76' lang='grc' dir='ltr'>οΑΡ.</span> <span class='ocrx_word' id='word_1_2' title='bbox 277 215 313 243; x_wconf 88' lang='lat' dir='ltr'><strong>v.</strong></span> <span class='ocrx_word' id='word_1_3' title='bbox 326 205 339 262; x_wconf 69' lang='lat' dir='ltr'>J</span> <span class='ocrx_word' id='word_1_4' title='bbox 503 220 569 252; x_wconf 82' lang='lat' dir='ltr'><strong>DE</strong></span> <span class='ocrx_word' id='word_1_5' title='bbox 596 218 954 252; x_wconf 69' lang='lat' dir='ltr'><strong>coMPofflcIONE</strong></span> <span class='ocrx_word' id='word_1_6' title='bbox 980 219 1193 253; x_wconf 77' lang='lat' dir='ltr'>H0M1N1s.</span> <span class='ocrx_word' id='word_1_7' title='bbox 1736 215 1788 251; x_wconf 85' lang='lat'><strong>97</strong></span> 
     </span>
    </p>
   </div>
   <div class='ocr_carea' id='block_1_2' title="bbox 176 322 1787 405">
    <p class='ocr_par' dir='ltr' id='par_1_2' title="bbox 176 322 1787 405">
     <span class='ocr_line' id='line_1_2' title="bbox 176 322 1750 399; baseline -0.001 -34"><span class='ocrx_word' id='word_1_8' title='bbox 176 338 446 380; x_wconf 85' lang='lat' dir='ltr'><strong>consequens</strong></span> <span class='ocrx_word' id='word_1_9' title='bbox 492 322 566 365; x_wconf 82' lang='lat' dir='ltr'><strong>illa</strong></span> <span class='ocrx_word' id='word_1_10' title='bbox 605 323 850 366; x_wconf 80' lang='lat' dir='ltr'><strong>animalitas</strong></span> <span class='ocrx_word' id='word_1_11' title='bbox 896 323 968 365; x_wconf 91' lang='lat' dir='ltr'><strong>vel</strong></span> <span class='ocrx_word' id='word_1_12' title='bbox 1023 324 1167 365; x_wconf 85' lang='lat' dir='ltr'><strong>anima</strong></span> <span class='ocrx_word' id='word_1_13' title='bbox 1198 329 1345 365; x_wconf 81' lang='lat' dir='ltr'><strong>manet</strong></span> <span class='ocrx_word' id='word_1_14' title='bbox 1387 325 1522 398; x_wconf 76' lang='lat' dir='ltr'><strong>inte·f</strong></span> <span class='ocrx_word' id='word_1_15' title='bbox 1554 339 1750 399; x_wconf 39' lang='lat' dir='ltr'><strong>whileteaeth·</strong></span> 
     </span>
     <span class='ocr_line' id='line_1_3' title="bbox 1524 381 1787 405; baseline 0.004 -7"><span class='ocrx_word' id='word_1_16' title='bbox 1524 381 1644 405; x_wconf 66' lang='lat' dir='ltr'>sagmen</span> <span class='ocrx_word' id='word_1_17' title='bbox 1676 381 1707 399; x_wconf 71' lang='lat' dir='ltr'><strong>re</strong></span> <span class='ocrx_word' id='word_1_18' title='bbox 1723 382 1787 399; x_wconf 77' lang='lat' dir='ltr'><strong>alnS</strong></span> 
     </span>
    </p>
   </div>
   <div class='ocr_carea' id='block_1_3' title="bbox 119 393 1788 1290">
    <p class='ocr_par' dir='ltr' id='par_1_3' title="bbox 119 393 1788 1290">
     <span class='ocr_line' id='line_1_4' title="bbox 175 393 1769 450; baseline 0.001 -16"><span class='ocrx_word' id='word_1_19' title='bbox 175 393 352 448; x_wconf 82' lang='lat' dir='ltr'><strong>graliter</strong></span> <span class='ocrx_word' id='word_1_20' title='bbox 398 394 439 434; x_wconf 89' lang='lat' dir='ltr'><strong>in</strong></span> <span class='ocrx_word' id='word_1_21' title='bbox 476 401 672 450; x_wconf 79' lang='lat' dir='ltr'><strong>utraque,</strong></span> <span class='ocrx_word' id='word_1_22' title='bbox 720 401 762 436; x_wconf 89' lang='lat' dir='ltr'><strong>et</strong></span> <span class='ocrx_word' id='word_1_23' title='bbox 789 401 936 449; x_wconf 87' lang='lat' dir='ltr'><strong>preter</strong></span> <span class='ocrx_word' id='word_1_24' title='bbox 971 394 1055 435; x_wconf 88' lang='lat' dir='ltr'><strong>hoc</strong></span> <span class='ocrx_word' id='word_1_25' title='bbox 1102 400 1248 435; x_wconf 84' lang='lat' dir='ltr'><strong>manet</strong></span> <span class='ocrx_word' id='word_1_26' title='bbox 1291 395 1333 435; x_wconf 88' lang='lat' dir='ltr'><strong>in</strong></span> <span class='ocrx_word' id='word_1_27' title='bbox 1380 400 1494 435; x_wconf 81' lang='lat' dir='ltr'><strong>utra-</strong></span> <span class='ocrx_word' id='word_1_28' title='bbox 1553 410 1589 434; x_wconf 87' lang='lat' dir='ltr'><strong>its</strong></span> <span class='ocrx_word' id='word_1_29' title='bbox 1610 412 1769 450; x_wconf 43' lang='lat' dir='ltr'><strong>separate·</strong></span> 
     </span>
     <span class='ocr_line' id='line_1_5' title="bbox 176 444 1788 520; baseline 0 -16"><span class='ocrx_word' id='word_1_30' title='bbox 176 478 259 519; x_wconf 91' lang='lat' dir='ltr'><strong>que</strong></span> <span class='ocrx_word' id='word_1_31' title='bbox 303 469 427 520; x_wconf 79' lang='lat' dir='ltr'><strong>parte</strong></span> <span class='ocrx_word' id='word_1_32' title='bbox 473 464 619 505; x_wconf 85' lang='lat' dir='ltr'><strong>decisa</strong></span> <span class='ocrx_word' id='word_1_33' title='bbox 657 465 799 505; x_wconf 83' lang='lat' dir='ltr'><strong>anima</strong></span> <span class='ocrx_word' id='word_1_34' title='bbox 840 465 1032 520; x_wconf 81' lang='lat' dir='ltr'><strong>propria,</strong></span> <span class='ocrx_word' id='word_1_35' title='bbox 1087 464 1196 505; x_wconf 86' lang='lat' dir='ltr'><strong>sicut</strong></span> <span class='ocrx_word' id='word_1_36' title='bbox 1242 464 1362 519; x_wconf 83' lang='lat' dir='ltr'><strong>prius</strong></span> <span class='ocrx_word' id='word_1_37' title='bbox 1408 444 1788 505; x_wconf 44' lang='lat' dir='ltr'><strong>nonSQl’disll‘intellquffl</strong></span> 
     </span>
     <span class='ocr_line' id='line_1_6' title="bbox 175 514 1694 589; baseline -0.001 -15"><span class='ocrx_word' id='word_1_38' title='bbox 175 532 410 588; x_wconf 70' lang='lat' dir='ltr'><strong>superflue,</strong></span> <span class='ocrx_word' id='word_1_39' title='bbox 446 548 542 574; x_wconf 92' lang='lat' dir='ltr'><strong>cum</strong></span> <span class='ocrx_word' id='word_1_40' title='bbox 572 533 716 574; x_wconf 86' lang='lat' dir='ltr'><strong>anima</strong></span> <span class='ocrx_word' id='word_1_41' title='bbox 738 533 993 589; x_wconf 80' lang='lat' dir='ltr'><strong>principalis</strong></span> <span class='ocrx_word' id='word_1_42' title='bbox 1025 533 1146 589; x_wconf 81' lang='lat' dir='ltr'><strong>prius</strong></span> <span class='ocrx_word' id='word_1_43' title='bbox 1180 538 1327 574; x_wconf 84' lang='lat' dir='ltr'><strong>actuat</strong></span> <span class='ocrx_word' id='word_1_44' title='bbox 1358 539 1496 575; x_wconf 87' lang='lat' dir='ltr'><strong>totum</strong></span> <span class='ocrx_word' id='word_1_45' title='bbox 1580 514 1694 540; x_wconf 54' lang='lat' dir='ltr'><strong>before&#39;</strong></span> 
     </span>
     <span class='ocr_line' id='line_1_7' title="bbox 140 601 1496 659; baseline 0.001 -17"><span class='ocrx_word' id='word_1_46' title='bbox 140 612 159 643; x_wconf 87' lang='lat'>5</span> <span class='ocrx_word' id='word_1_47' title='bbox 175 609 458 657; x_wconf 82' lang='lat' dir='ltr'><strong>aggregatum</strong></span> <span class='ocrx_word' id='word_1_48' title='bbox 484 618 539 645; x_wconf 87' lang='lat' dir='ltr'><strong>ex</strong></span> <span class='ocrx_word' id='word_1_49' title='bbox 561 603 771 659; x_wconf 74' lang='lat' dir='ltr'><strong>partibus,</strong></span> <span class='ocrx_word' id='word_1_50' title='bbox 787 610 973 659; x_wconf 82' lang='lat' dir='ltr'><strong>utraque</strong></span> <span class='ocrx_word' id='word_1_51' title='bbox 995 617 1102 645; x_wconf 85' lang='lat' dir='ltr'><strong>vero</strong></span> <span class='ocrx_word' id='word_1_52' title='bbox 1127 603 1271 643; x_wconf 81' lang='lat' dir='ltr'><strong>anima</strong></span> <span class='ocrx_word' id='word_1_53' title='bbox 1295 601 1496 658; x_wconf 81' lang='lat' dir='ltr'><strong>parcialis</strong></span> 
     </span>
     <span class='ocr_line' id='line_1_8' title="bbox 174 673 1495 729; baseline -0.001 -16"><span class='ocrx_word' id='word_1_54' title='bbox 174 673 458 728; x_wconf 82' lang='lat' dir='ltr'><strong>appropriate</strong></span> <span class='ocrx_word' id='word_1_55' title='bbox 491 679 638 714; x_wconf 82' lang='lat' dir='ltr'><strong>actuat</strong></span> <span class='ocrx_word' id='word_1_56' title='bbox 676 673 918 715; x_wconf 83' lang='lat' dir='ltr'><strong>subiectum</strong></span> <span class='ocrx_word' id='word_1_57' title='bbox 962 673 1203 729; x_wconf 77' lang='lat' dir='ltr'><strong>proprium,</strong></span> <span class='ocrx_word' id='word_1_58' title='bbox 1239 673 1351 714; x_wconf 83' lang='lat' dir='ltr'><strong>sicut</strong></span> <span class='ocrx_word' id='word_1_59' title='bbox 1383 678 1495 714; x_wconf 81' lang='lat' dir='ltr'><strong>ante.</strong></span> 
     </span>
     <span class='ocr_line' id='line_1_9' title="bbox 173 740 1498 799; baseline 0.001 -17"><span class='ocrx_word' id='word_1_60' title='bbox 173 740 281 784; x_wconf 89' lang='lat' dir='ltr'><strong>Ideo</strong></span> <span class='ocrx_word' id='word_1_61' title='bbox 316 748 447 798; x_wconf 83' lang='lat' dir='ltr'><strong>patet,</strong></span> <span class='ocrx_word' id='word_1_62' title='bbox 482 743 599 799; x_wconf 90' lang='lat' dir='ltr'><strong>quod</strong></span> <span class='ocrx_word' id='word_1_63' title='bbox 632 758 718 785; x_wconf 89' lang='lat' dir='ltr'><strong>non</strong></span> <span class='ocrx_word' id='word_1_64' title='bbox 753 749 817 785; x_wconf 82' lang='lat' dir='ltr'><strong>est</strong></span> <span class='ocrx_word' id='word_1_65' title='bbox 848 743 1087 784; x_wconf 85' lang='lat' dir='ltr'><strong>mediatum</strong></span> <span class='ocrx_word' id='word_1_66' title='bbox 1119 743 1174 783; x_wconf 85' lang='lat' dir='ltr'><strong>ad</strong></span> <span class='ocrx_word' id='word_1_67' title='bbox 1207 742 1394 783; x_wconf 85' lang='lat' dir='ltr'><strong>invicem</strong></span> <span class='ocrx_word' id='word_1_68' title='bbox 1427 741 1498 783; x_wconf 89' lang='lat' dir='ltr'><strong>vel</strong></span> 
     </span>
     <span class='ocr_line' id='line_1_10' title="bbox 172 811 1497 869; baseline 0.001 -17"><span class='ocrx_word' id='word_1_69' title='bbox 172 811 343 853; x_wconf 82' lang='lat' dir='ltr'><strong>illarum</strong></span> <span class='ocrx_word' id='word_1_70' title='bbox 377 813 432 854; x_wconf 83' lang='lat' dir='ltr'><strong>ad</strong></span> <span class='ocrx_word' id='word_1_71' title='bbox 454 819 593 854; x_wconf 89' lang='lat' dir='ltr'><strong>totum</strong></span> <span class='ocrx_word' id='word_1_72' title='bbox 618 813 853 855; x_wconf 83' lang='lat' dir='ltr'><strong>materialis</strong></span> <span class='ocrx_word' id='word_1_73' title='bbox 875 813 1157 869; x_wconf 79' lang='lat' dir='ltr'><strong>ydemptitas,</strong></span> <span class='ocrx_word' id='word_1_74' title='bbox 1183 813 1260 855; x_wconf 81' lang='lat' dir='ltr'><strong>sed</strong></span> <span class='ocrx_word' id='word_1_75' title='bbox 1283 818 1405 854; x_wconf 79' lang='lat' dir='ltr'><strong>tanta</strong></span> <span class='ocrx_word' id='word_1_76' title='bbox 1426 811 1497 855; x_wconf 89' lang='lat' dir='ltr'><strong>vel</strong></span> 
     </span>
     <span class='ocr_line' id='line_1_11' title="bbox 172 882 1495 940; baseline 0.001 -18"><span class='ocrx_word' id='word_1_77' title='bbox 172 882 310 924; x_wconf 86' lang='lat' dir='ltr'><strong>maior</strong></span> <span class='ocrx_word' id='word_1_78' title='bbox 342 883 572 925; x_wconf 82' lang='lat' dir='ltr'><strong>diversitas</strong></span> <span class='ocrx_word' id='word_1_79' title='bbox 606 899 735 940; x_wconf 84' lang='lat' dir='ltr'><strong>quam</strong></span> <span class='ocrx_word' id='word_1_80' title='bbox 770 889 881 925; x_wconf 85' lang='lat' dir='ltr'><strong>ante.</strong></span> <span class='ocrx_word' id='word_1_81' title='bbox 914 883 973 925; x_wconf 88' lang='lat' dir='ltr'><strong>Et</strong></span> <span class='ocrx_word' id='word_1_82' title='bbox 1005 884 1116 925; x_wconf 84' lang='lat' dir='ltr'><strong>sicut</strong></span> <span class='ocrx_word' id='word_1_83' title='bbox 1149 882 1218 925; x_wconf 92' lang='lat' dir='ltr'><strong>hic</strong></span> <span class='ocrx_word' id='word_1_84' title='bbox 1253 883 1409 924; x_wconf 88' lang='lat' dir='ltr'><strong>dicitur</strong></span> <span class='ocrx_word' id='word_1_85' title='bbox 1443 883 1495 923; x_wconf 91' lang='lat' dir='ltr'><strong>de</strong></span> 
     </span>
     <span class='ocr_line' id='line_1_12' title="bbox 119 952 1495 1009; baseline 0.001 -17"><span class='ocrx_word' id='word_1_86' title='bbox 119 952 381 994; x_wconf 82' lang='lat' dir='ltr'><strong>loincisione</strong></span> <span class='ocrx_word' id='word_1_87' title='bbox 405 953 589 995; x_wconf 79' lang='lat' dir='ltr'><strong>duarum</strong></span> <span class='ocrx_word' id='word_1_88' title='bbox 612 954 827 1009; x_wconf 78' lang='lat' dir='ltr'><strong>parcium,</strong></span> <span class='ocrx_word' id='word_1_89' title='bbox 857 954 917 994; x_wconf 85' lang='lat' dir='ltr'><strong>ita</strong></span> <span class='ocrx_word' id='word_1_90' title='bbox 941 952 1179 995; x_wconf 87' lang='lat' dir='ltr'><strong>dicendum</strong></span> <span class='ocrx_word' id='word_1_91' title='bbox 1213 959 1277 995; x_wconf 82' lang='lat' dir='ltr'><strong>est</strong></span> <span class='ocrx_word' id='word_1_92' title='bbox 1308 954 1350 994; x_wconf 90' lang='lat' dir='ltr'><strong>in</strong></span> <span class='ocrx_word' id='word_1_93' title='bbox 1374 959 1495 1009; x_wconf 91' lang='lat' dir='ltr'><strong>quot-</strong></span> 
     </span>
     <span class='ocr_line' id='line_1_13' title="bbox 174 1022 1495 1078; baseline 0 -15"><span class='ocrx_word' id='word_1_94' title='bbox 174 1028 280 1077; x_wconf 89' lang='lat' dir='ltr'><strong>quot</strong></span> <span class='ocrx_word' id='word_1_95' title='bbox 301 1029 448 1078; x_wconf 82' lang='lat' dir='ltr'><strong>partes</strong></span> <span class='ocrx_word' id='word_1_96' title='bbox 470 1023 738 1066; x_wconf 78' lang='lat' dir='ltr'><strong>vermiculus</strong></span> <span class='ocrx_word' id='word_1_97' title='bbox 760 1023 890 1064; x_wconf 86' lang='lat' dir='ltr'><strong>fuerit</strong></span> <span class='ocrx_word' id='word_1_98' title='bbox 911 1023 1083 1064; x_wconf 81' lang='lat' dir='ltr'><strong>incisus.</strong></span> <span class='ocrx_word' id='word_1_99' title='bbox 1108 1022 1357 1078; x_wconf 79' lang='lat' dir='ltr'><strong>Utrobique</strong></span> <span class='ocrx_word' id='word_1_100' title='bbox 1380 1023 1495 1063; x_wconf 90' lang='lat' dir='ltr'><strong>enim</strong></span> 
     </span>
     <span class='ocr_line' id='line_1_14' title="bbox 172 1090 1493 1149; baseline -0.001 -16"><span class='ocrx_word' id='word_1_101' title='bbox 172 1098 320 1134; x_wconf 88' lang='lat' dir='ltr'><strong>manet</strong></span> <span class='ocrx_word' id='word_1_102' title='bbox 358 1094 535 1149; x_wconf 85' lang='lat' dir='ltr'><strong>propria</strong></span> <span class='ocrx_word' id='word_1_103' title='bbox 566 1094 710 1135; x_wconf 83' lang='lat' dir='ltr'><strong>anima</strong></span> <span class='ocrx_word' id='word_1_104' title='bbox 755 1099 797 1135; x_wconf 90' lang='lat' dir='ltr'><strong>et</strong></span> <span class='ocrx_word' id='word_1_105' title='bbox 833 1099 982 1149; x_wconf 84' lang='lat' dir='ltr'><strong>preter</strong></span> <span class='ocrx_word' id='word_1_106' title='bbox 1025 1092 1110 1134; x_wconf 91' lang='lat' dir='ltr'><strong>hoc</strong></span> <span class='ocrx_word' id='word_1_107' title='bbox 1157 1092 1301 1133; x_wconf 81' lang='lat' dir='ltr'><strong>anima</strong></span> <span class='ocrx_word' id='word_1_108' title='bbox 1331 1090 1493 1146; x_wconf 75' lang='lat' dir='ltr'><strong>totalis,</strong></span> 
     </span>
     <span class='ocr_line' id='line_1_15' title="bbox 171 1163 1311 1219; baseline -0.002 -15"><span class='ocrx_word' id='word_1_109' title='bbox 171 1163 346 1206; x_wconf 80' lang='lat' dir='ltr'>racione</span> <span class='ocrx_word' id='word_1_110' title='bbox 378 1166 516 1206; x_wconf 84' lang='lat' dir='ltr'><strong>tocius</strong></span> <span class='ocrx_word' id='word_1_111' title='bbox 550 1164 775 1219; x_wconf 82' lang='lat' dir='ltr'><strong>aggregati</strong></span> <span class='ocrx_word' id='word_1_112' title='bbox 810 1164 1048 1205; x_wconf 79' lang='lat' dir='ltr'><strong>communis</strong></span> <span class='ocrx_word' id='word_1_113' title='bbox 1082 1163 1311 1205; x_wconf 82' lang='lat' dir='ltr'><strong>omnibus.-</strong></span> 
     </span>
     <span class='ocr_line' id='line_1_16' title="bbox 231 1233 1723 1290; baseline -0.003 -15"><span class='ocrx_word' id='word_1_114' title='bbox 231 1233 319 1275; x_wconf 83' lang='lat' dir='ltr'><strong>Sed</strong></span> <span class='ocrx_word' id='word_1_115' title='bbox 366 1233 552 1275; x_wconf 87' lang='lat' dir='ltr'><strong>obicitur</strong></span> <span class='ocrx_word' id='word_1_116' title='bbox 584 1250 664 1290; x_wconf 84' lang='lat' dir='ltr'><strong>per</strong></span> <span class='ocrx_word' id='word_1_117' title='bbox 695 1234 793 1288; x_wconf 59' lang='lat' dir='ltr'><strong>hoc.</strong></span> <span class='ocrx_word' id='word_1_118' title='bbox 840 1234 956 1290; x_wconf 86' lang='lat' dir='ltr'><strong>quod</strong></span> <span class='ocrx_word' id='word_1_119' title='bbox 1002 1240 1209 1289; x_wconf 86' lang='lat' dir='ltr'><strong>corrupta</strong></span> <span class='ocrx_word' id='word_1_120' title='bbox 1241 1239 1365 1289; x_wconf 80' lang='lat' dir='ltr'><strong>parte</strong></span> <span class='ocrx_word' id='word_1_121' title='bbox 1399 1238 1497 1289; x_wconf 79' lang='lat' dir='ltr'><strong>post</strong></span> <span class='ocrx_word' id='word_1_122' title='bbox 1574 1244 1637 1269; x_wconf 79' lang='lat' dir='ltr'><strong>The</strong></span> <span class='ocrx_word' id='word_1_123' title='bbox 1657 1244 1723 1268; x_wconf 80' lang='lat' dir='ltr'><strong>soul</strong></span> 
     </span>
    </p>
   </div>
   <div class='ocr_carea' id='block_1_4' title="bbox 1510 1279 1786 1310">
    <p class='ocr_par' dir='ltr' id='par_1_4' title="bbox 1510 1279 1786 1310">
     <span class='ocr_line' id='line_1_17' title="bbox 1510 1279 1786 1310; baseline -0.004 -6"><span class='ocrx_word' id='word_1_124' title='bbox 1510 1279 1643 1304; x_wconf 79' lang='lat' dir='ltr'><strong>remains</strong></span> <span class='ocrx_word' id='word_1_125' title='bbox 1663 1279 1694 1303; x_wconf 83' lang='lat' dir='ltr'><strong>in</strong></span> <span class='ocrx_word' id='word_1_126' title='bbox 1708 1279 1786 1310; x_wconf 79' lang='lat' dir='ltr'><strong>spite</strong></span> 
     </span>
    </p>
   </div>
   <div class='ocr_carea' id='block_1_5' title="bbox 119 1302 1789 1380">
    <p class='ocr_par' dir='ltr' id='par_1_5' title="bbox 119 1302 1789 1380">
     <span class='ocr_line' id='line_1_18' title="bbox 119 1302 1789 1380; baseline -0.001 -36"><span class='ocrx_word' id='word_1_127' title='bbox 119 1304 500 1359; x_wconf 82' lang='lat' dir='ltr'><strong>15sepa1·acionem</strong></span> <span class='ocrx_word' id='word_1_128' title='bbox 545 1310 685 1346; x_wconf 82' lang='lat' dir='ltr'><strong>stante</strong></span> <span class='ocrx_word' id='word_1_129' title='bbox 742 1303 912 1360; x_wconf 79' lang='lat' dir='ltr'><strong>reliqua</strong></span> <span class='ocrx_word' id='word_1_130' title='bbox 955 1310 1102 1346; x_wconf 86' lang='lat' dir='ltr'><strong>manet</strong></span> <span class='ocrx_word' id='word_1_131' title='bbox 1150 1304 1303 1345; x_wconf 82' lang='lat' dir='ltr'><strong>eadem</strong></span> <span class='ocrx_word' id='word_1_132' title='bbox 1349 1302 1495 1344; x_wconf 79' lang='lat' dir='ltr'><strong>totalis</strong></span> <span class='ocrx_word' id='word_1_133' title='bbox 1510 1314 1624 1374; x_wconf 43' lang='lat' dir='ltr'><strong>tcfgntlg?</strong></span> <span class='ocrx_word' id='word_1_134' title='bbox 1635 1314 1789 1380; x_wconf 45' lang='grc' dir='ltr'><strong>ἒῑεὲζιέοᾶῐ</strong></span> 
     </span>
    </p>
   </div>
   <div class='ocr_carea' id='block_1_6' title="bbox 113 1373 1745 2131">
    <p class='ocr_par' dir='ltr' id='par_1_6' title="bbox 113 1373 1745 2131">
     <span class='ocr_line' id='line_1_19' title="bbox 174 1373 1745 1430; baseline 0.001 -16"><span class='ocrx_word' id='word_1_135' title='bbox 174 1374 317 1415; x_wconf 86' lang='lat' dir='ltr'><strong>anima</strong></span> <span class='ocrx_word' id='word_1_136' title='bbox 350 1380 391 1415; x_wconf 90' lang='lat' dir='ltr'><strong>et</strong></span> <span class='ocrx_word' id='word_1_137' title='bbox 422 1390 503 1430; x_wconf 86' lang='lat' dir='ltr'><strong>per</strong></span> <span class='ocrx_word' id='word_1_138' title='bbox 524 1374 641 1416; x_wconf 88' lang='lat' dir='ltr'><strong>idem</strong></span> <span class='ocrx_word' id='word_1_139' title='bbox 672 1374 787 1415; x_wconf 83' lang='lat' dir='ltr'><strong>facta</strong></span> <span class='ocrx_word' id='word_1_140' title='bbox 810 1374 1142 1416; x_wconf 81' lang='lat' dir='ltr'><strong>continuacione</strong></span> <span class='ocrx_word' id='word_1_141' title='bbox 1165 1374 1291 1415; x_wconf 81' lang='lat' dir='ltr'><strong>unius</strong></span> <span class='ocrx_word' id='word_1_142' title='bbox 1325 1373 1367 1414; x_wconf 87' lang='lat' dir='ltr'><strong>in</strong></span> <span class='ocrx_word' id='word_1_143' title='bbox 1402 1379 1493 1415; x_wconf 92' lang='lat' dir='ltr'><strong>toto</strong></span> <span class='ocrx_word' id='word_1_144' title='bbox 1556 1385 1593 1409; x_wconf 80' lang='lat' dir='ltr'><strong>its</strong></span> <span class='ocrx_word' id='word_1_145' title='bbox 1619 1384 1745 1415; x_wconf 34' lang='lat' dir='ltr'><strong>subject*</strong></span> 
     </span>
     <span class='ocr_line' id='line_1_20' title="bbox 172 1443 1494 1500; baseline -0.002 -15"><span class='ocrx_word' id='word_1_146' title='bbox 172 1444 287 1498; x_wconf 83' lang='lat' dir='ltr'><strong>novi,</strong></span> <span class='ocrx_word' id='word_1_147' title='bbox 333 1459 431 1486; x_wconf 89' lang='lat' dir='ltr'><strong>cum</strong></span> <span class='ocrx_word' id='word_1_148' title='bbox 477 1443 693 1500; x_wconf 80' lang='lat' dir='ltr'><strong>particula</strong></span> <span class='ocrx_word' id='word_1_149' title='bbox 749 1443 959 1486; x_wconf 79' lang='lat' dir='ltr'><strong>derelicta</strong></span> <span class='ocrx_word' id='word_1_150' title='bbox 1003 1443 1371 1499; x_wconf 79' lang='lat' dir='ltr'><strong>multiplicaretur</strong></span> <span class='ocrx_word' id='word_1_151' title='bbox 1414 1457 1494 1499; x_wconf 86' lang='lat' dir='ltr'><strong>per</strong></span> 
     </span>
     <span class='ocr_line' id='line_1_21' title="bbox 171 1512 1497 1568; baseline -0.002 -13"><span class='ocrx_word' id='word_1_152' title='bbox 171 1519 312 1555; x_wconf 85' lang='lat' dir='ltr'><strong>totum</strong></span> <span class='ocrx_word' id='word_1_153' title='bbox 344 1514 497 1555; x_wconf 86' lang='lat' dir='ltr'><strong>eadem</strong></span> <span class='ocrx_word' id='word_1_154' title='bbox 527 1514 682 1568; x_wconf 79' lang='lat' dir='ltr'><strong>anima,</strong></span> <span class='ocrx_word' id='word_1_155' title='bbox 718 1514 829 1556; x_wconf 81' lang='lat' dir='ltr'><strong>sicut</strong></span> <span class='ocrx_word' id='word_1_156' title='bbox 859 1520 974 1555; x_wconf 84' lang='lat' dir='ltr'><strong>ante.</strong></span> <span class='ocrx_word' id='word_1_157' title='bbox 1008 1513 1066 1555; x_wconf 81' lang='lat' dir='ltr'><strong>Et</strong></span> <span class='ocrx_word' id='word_1_158' title='bbox 1098 1514 1158 1554; x_wconf 83' lang='lat' dir='ltr'><strong>sic</strong></span> <span class='ocrx_word' id='word_1_159' title='bbox 1191 1518 1276 1554; x_wconf 82' lang='lat' dir='ltr'><strong>stat</strong></span> <span class='ocrx_word' id='word_1_160' title='bbox 1307 1512 1497 1568; x_wconf 79' lang='lat' dir='ltr'><strong>aliquam</strong></span> 
     </span>
     <span class='ocr_line' id='line_1_22' title="bbox 173 1582 1497 1640; baseline -0.001 -16"><span class='ocrx_word' id='word_1_161' title='bbox 173 1585 359 1625; x_wconf 81' lang='lat' dir='ltr'><strong>animam</strong></span> <span class='ocrx_word' id='word_1_162' title='bbox 392 1585 643 1640; x_wconf 86' lang='lat' dir='ltr'><strong>perpetuari</strong></span> <span class='ocrx_word' id='word_1_163' title='bbox 693 1590 832 1626; x_wconf 82' lang='lat' dir='ltr'><strong>stante</strong></span> <span class='ocrx_word' id='word_1_164' title='bbox 865 1584 1115 1625; x_wconf 83' lang='lat' dir='ltr'><strong>variacione</strong></span> <span class='ocrx_word' id='word_1_165' title='bbox 1147 1582 1267 1624; x_wconf 84' lang='lat' dir='ltr'><strong>totali</strong></span> <span class='ocrx_word' id='word_1_166' title='bbox 1300 1583 1497 1639; x_wconf 84' lang='lat' dir='ltr'><strong>parcium</strong></span> 
     </span>
     <span class='ocr_line' id='line_1_23' title="bbox 115 1652 1495 1711; baseline 0.001 -19"><span class='ocrx_word' id='word_1_167' title='bbox 115 1661 159 1692; x_wconf 82' lang='lat'><strong>20</strong></span> <span class='ocrx_word' id='word_1_168' title='bbox 173 1654 373 1710; x_wconf 83' lang='lat' dir='ltr'><strong>subiecti⁷</strong></span> <span class='ocrx_word' id='word_1_169' title='bbox 408 1661 449 1696; x_wconf 91' lang='lat' dir='ltr'><strong>et</strong></span> <span class='ocrx_word' id='word_1_170' title='bbox 482 1670 561 1711; x_wconf 89' lang='lat' dir='ltr'><strong>per</strong></span> <span class='ocrx_word' id='word_1_171' title='bbox 608 1669 881 1711; x_wconf 83' lang='lat' dir='ltr'><strong>consequens</strong></span> <span class='ocrx_word' id='word_1_172' title='bbox 914 1653 1068 1696; x_wconf 83' lang='lat' dir='ltr'><strong>eadem</strong></span> <span class='ocrx_word' id='word_1_173' title='bbox 1111 1653 1225 1695; x_wconf 85' lang='lat' dir='ltr'><strong>foret</strong></span> <span class='ocrx_word' id='word_1_174' title='bbox 1258 1653 1404 1694; x_wconf 86' lang='lat' dir='ltr'><strong>anima</strong></span> <span class='ocrx_word' id='word_1_175' title='bbox 1434 1652 1495 1694; x_wconf 87' lang='lat' dir='ltr'><strong>in-</strong></span> 
     </span>
     <span class='ocr_line' id='line_1_24' title="bbox 174 1722 1499 1780; baseline -0.001 -15"><span class='ocrx_word' id='word_1_176' title='bbox 174 1723 469 1780; x_wconf 84' lang='lat' dir='ltr'><strong>corruptibilis</strong></span> <span class='ocrx_word' id='word_1_177' title='bbox 503 1725 706 1780; x_wconf 78' lang='lat' dir='ltr'><strong>omnium,</strong></span> <span class='ocrx_word' id='word_1_178' title='bbox 740 1731 788 1766; x_wconf 90' lang='lat' dir='ltr'><strong>ut</strong></span> <span class='ocrx_word' id='word_1_179' title='bbox 820 1724 1008 1766; x_wconf 85' lang='lat' dir='ltr'><strong>credidit</strong></span> <span class='ocrx_word' id='word_1_180' title='bbox 1040 1729 1371 1765; x_wconf 80' lang='lat' dir='ltr'><strong>commentator.</strong></span> <span class='ocrx_word' id='word_1_181' title='bbox 1404 1722 1499 1764; x_wconf 88' lang='lat' dir='ltr'><strong>Nec</strong></span> 
     </span>
     <span class='ocr_line' id='line_1_25' title="bbox 171 1792 1499 1851; baseline -0.002 -14"><span class='ocrx_word' id='word_1_182' title='bbox 171 1793 288 1837; x_wconf 86' lang='lat' dir='ltr'><strong>valet</strong></span> <span class='ocrx_word' id='word_1_183' title='bbox 333 1795 496 1847; x_wconf 82' lang='lat' dir='ltr'><strong>dicere,</strong></span> <span class='ocrx_word' id='word_1_184' title='bbox 546 1795 663 1851; x_wconf 91' lang='lat' dir='ltr'><strong>quod</strong></span> <span class='ocrx_word' id='word_1_185' title='bbox 710 1795 1006 1850; x_wconf 82' lang='lat' dir='ltr'><strong>corrumpitur</strong></span> <span class='ocrx_word' id='word_1_186' title='bbox 1050 1792 1198 1834; x_wconf 81' lang='lat' dir='ltr'><strong>totalis</strong></span> <span class='ocrx_word' id='word_1_187' title='bbox 1243 1794 1388 1834; x_wconf 83' lang='lat' dir='ltr'><strong>anima</strong></span> <span class='ocrx_word' id='word_1_188' title='bbox 1420 1807 1499 1849; x_wconf 90' lang='lat' dir='ltr'><strong>per</strong></span> 
     </span>
     <span class='ocr_line' id='line_1_26' title="bbox 173 1862 1498 1921; baseline -0.001 -16"><span class='ocrx_word' id='word_1_189' title='bbox 173 1865 505 1920; x_wconf 86' lang='lat' dir='ltr'><strong>corrupcionem</strong></span> <span class='ocrx_word' id='word_1_190' title='bbox 540 1865 737 1921; x_wconf 80' lang='lat' dir='ltr'><strong>corporis</strong></span> <span class='ocrx_word' id='word_1_191' title='bbox 760 1865 896 1921; x_wconf 84' lang='lat' dir='ltr'><strong>partis</strong></span> <span class='ocrx_word' id='word_1_192' title='bbox 931 1864 1132 1905; x_wconf 78' lang='lat' dir='ltr'><strong>distantis</strong></span> <span class='ocrx_word' id='word_1_193' title='bbox 1165 1862 1498 1919; x_wconf 83' lang='lat' dir='ltr'><strong>quantumlibet,</strong></span> 
     </span>
     <span class='ocr_line' id='line_1_27' title="bbox 172 1932 1491 1991; baseline -0.002 -15"><span class='ocrx_word' id='word_1_194' title='bbox 172 1934 273 1991; x_wconf 86' lang='lat' dir='ltr'><strong>quia</strong></span> <span class='ocrx_word' id='word_1_195' title='bbox 318 1934 379 1976; x_wconf 85' lang='lat' dir='ltr'><strong>sic</strong></span> <span class='ocrx_word' id='word_1_196' title='bbox 424 1941 523 1976; x_wconf 85' lang='lat' dir='ltr'><strong>ante</strong></span> <span class='ocrx_word' id='word_1_197' title='bbox 568 1935 829 1976; x_wconf 83' lang='lat' dir='ltr'><strong>divisionem</strong></span> <span class='ocrx_word' id='word_1_198' title='bbox 873 1934 1015 1975; x_wconf 81' lang='lat' dir='ltr'><strong>anima</strong></span> <span class='ocrx_word' id='word_1_199' title='bbox 1059 1932 1205 1975; x_wconf 78' lang='lat' dir='ltr'><strong>totalis</strong></span> <span class='ocrx_word' id='word_1_200' title='bbox 1239 1948 1265 1974; x_wconf 84' lang='lat' dir='ltr'>a</span> <span class='ocrx_word' id='word_1_201' title='bbox 1296 1932 1491 1989; x_wconf 88' lang='lat' dir='ltr'><strong>qualibet</strong></span> 
     </span>
     <span class='ocr_line' id='line_1_28' title="bbox 113 2003 1499 2061; baseline -0.001 -16"><span class='ocrx_word' id='word_1_202' title='bbox 113 2010 156 2041; x_wconf 81' lang='lat'><strong>25</strong></span> <span class='ocrx_word' id='word_1_203' title='bbox 171 2004 387 2060; x_wconf 83' lang='lat' dir='ltr'><strong>particula</strong></span> <span class='ocrx_word' id='word_1_204' title='bbox 421 2006 616 2061; x_wconf 78' lang='lat' dir='ltr'><strong>corporis</strong></span> <span class='ocrx_word' id='word_1_205' title='bbox 652 2005 943 2061; x_wconf 83' lang='lat' dir='ltr'><strong>dependeret:</strong></span> <span class='ocrx_word' id='word_1_206' title='bbox 990 2010 1081 2045; x_wconf 87' lang='lat' dir='ltr'><strong>tum</strong></span> <span class='ocrx_word' id='word_1_207' title='bbox 1116 2005 1267 2059; x_wconf 75' lang='lat' dir='ltr'><strong>eciam,</strong></span> <span class='ocrx_word' id='word_1_208' title='bbox 1303 2003 1406 2060; x_wconf 82' lang='lat' dir='ltr'><strong>quia</strong></span> <span class='ocrx_word' id='word_1_209' title='bbox 1438 2003 1499 2045; x_wconf 81' lang='lat' dir='ltr'><strong>sic</strong></span> 
     </span>
     <span class='ocr_line' id='line_1_29' title="bbox 171 2072 1497 2131; baseline -0.002 -15"><span class='ocrx_word' id='word_1_210' title='bbox 171 2076 444 2130; x_wconf 83' lang='lat' dir='ltr'><strong>contingeret</strong></span> <span class='ocrx_word' id='word_1_211' title='bbox 488 2090 772 2131; x_wconf 86' lang='lat' dir='ltr'><strong>corrumpere</strong></span> <span class='ocrx_word' id='word_1_212' title='bbox 821 2073 1141 2131; x_wconf 84' lang='lat' dir='ltr'><strong>quantumlibet</strong></span> <span class='ocrx_word' id='word_1_213' title='bbox 1181 2074 1379 2115; x_wconf 79' lang='lat' dir='ltr'><strong>distantis</strong></span> <span class='ocrx_word' id='word_1_214' title='bbox 1411 2072 1497 2115; x_wconf 87' lang='lat' dir='ltr'><strong>for-</strong></span> 
     </span>
    </p>
   </div>
   <div class='ocr_carea' id='block_1_7' title="bbox 260 2212 1498 2432">
    <p class='ocr_par' dir='ltr' id='par_1_7' title="bbox 260 2212 1498 2432">
     <span class='ocr_line' id='line_1_30' title="bbox 354 2212 1497 2257; baseline -0.003 -10"><span class='ocrx_word' id='word_1_215' title='bbox 354 2217 410 2247; x_wconf 80' lang='lat'>21.</span> <span class='ocrx_word' id='word_1_216' title='bbox 435 2214 602 2246; x_wconf 82' lang='lat' dir='ltr'><strong>Averrois</strong></span> <span class='ocrx_word' id='word_1_217' title='bbox 635 2215 671 2246; x_wconf 89' lang='lat' dir='ltr'><strong>in</strong></span> <span class='ocrx_word' id='word_1_218' title='bbox 689 2214 794 2246; x_wconf 84' lang='lat' dir='ltr'><strong>Arist.</strong></span> <span class='ocrx_word' id='word_1_219' title='bbox 821 2214 863 2246; x_wconf 87' lang='lat' dir='ltr'><strong>de</strong></span> <span class='ocrx_word' id='word_1_220' title='bbox 890 2214 1010 2246; x_wconf 79' lang='lat' dir='ltr'><strong>anima</strong></span> <span class='ocrx_word' id='word_1_221' title='bbox 1035 2215 1052 2246; x_wconf 93' lang='lat' dir='ltr'>I</span> <span class='ocrx_word' id='word_1_222' title='bbox 1079 2215 1099 2245; x_wconf 89' lang='lat'>5</span> <span class='ocrx_word' id='word_1_223' title='bbox 1127 2224 1251 2245; x_wconf 88' lang='lat' dir='ltr'><strong>comm.</strong></span> <span class='ocrx_word' id='word_1_224' title='bbox 1280 2212 1366 2257; x_wconf 83' lang='lat'>(90).</span> <span class='ocrx_word' id='word_1_225' title='bbox 1415 2212 1497 2255; x_wconf 76' lang='lat' dir='ltr'>(Ed.</span> 
     </span>
     <span class='ocr_line' id='line_1_31' title="bbox 270 2271 1496 2314; baseline -0.002 -9"><span class='ocrx_word' id='word_1_226' title='bbox 270 2272 378 2305; x_wconf 68' lang='lat' dir='ltr'><strong>Venet.</strong></span> <span class='ocrx_word' id='word_1_227' title='bbox 405 2275 506 2313; x_wconf 85' lang='lat'><strong><em>1550,</em></strong></span> <span class='ocrx_word' id='word_1_228' title='bbox 529 2272 579 2305; x_wconf 87' lang='lat' dir='ltr'><strong>VI</strong></span> <span class='ocrx_word' id='word_1_229' title='bbox 602 2274 676 2313; x_wconf 75' lang='lat'><em>125)</em></span> <span class='ocrx_word' id='word_1_230' title='bbox 697 2296 704 2305; x_wconf 90' lang='lat'>.</span> <span class='ocrx_word' id='word_1_231' title='bbox 725 2297 731 2305; x_wconf 90' lang='lat'>.</span> <span class='ocrx_word' id='word_1_232' title='bbox 759 2277 788 2304; x_wconf 75' lang='lat' dir='ltr'><strong>et</strong></span> <span class='ocrx_word' id='word_1_233' title='bbox 802 2272 1025 2313; x_wconf 57' lang='lat' dir='ltr'><strong>manifertum</strong></span> <span class='ocrx_word' id='word_1_234' title='bbox 1051 2277 1098 2304; x_wconf 61' lang='grc' dir='ltr'><strong>6.ςῇ</strong></span> <span class='ocrx_word' id='word_1_235' title='bbox 1119 2282 1186 2314; x_wconf 74' lang='lat' dir='ltr'><strong>per</strong></span> <span class='ocrx_word' id='word_1_236' title='bbox 1204 2282 1238 2303; x_wconf 69' lang='lat' dir='ltr'><strong>se</strong></span> <span class='ocrx_word' id='word_1_237' title='bbox 1256 2271 1347 2313; x_wconf 74' lang='lat' dir='ltr'><strong>quod</strong></span> <span class='ocrx_word' id='word_1_238' title='bbox 1367 2272 1496 2311; x_wconf 78' lang='lat' dir='ltr'><strong>anima,</strong></span> 
     </span>
     <span class='ocr_line' id='line_1_32' title="bbox 261 2329 1498 2374; baseline -0.002 -11"><span class='ocrx_word' id='word_1_239' title='bbox 261 2342 348 2374; x_wconf 75' lang='lat' dir='ltr'><strong>quae</strong></span> <span class='ocrx_word' id='word_1_240' title='bbox 386 2337 434 2364; x_wconf 69' lang='lat' dir='ltr'><strong>est</strong></span> <span class='ocrx_word' id='word_1_241' title='bbox 470 2333 507 2363; x_wconf 75' lang='lat' dir='ltr'><strong>in</strong></span> <span class='ocrx_word' id='word_1_242' title='bbox 545 2332 692 2373; x_wconf 65' lang='lat' dir='ltr'><strong>sinynlz‘s</strong></span> <span class='ocrx_word' id='word_1_243' title='bbox 729 2331 934 2372; x_wconf 74' lang='lat' dir='ltr'><strong>individuis,</strong></span> <span class='ocrx_word' id='word_1_244' title='bbox 976 2330 1073 2362; x_wconf 72' lang='lat' dir='ltr'><strong>nobis</strong></span> <span class='ocrx_word' id='word_1_245' title='bbox 1099 2335 1147 2362; x_wconf 63' lang='lat' dir='ltr'><strong>est</strong></span> <span class='ocrx_word' id='word_1_246' title='bbox 1187 2331 1345 2362; x_wconf 72' lang='lat' dir='ltr'><strong>unica..</strong></span> <span class='ocrx_word' id='word_1_247' title='bbox 1378 2329 1425 2361; x_wconf 74' lang='lat' dir='ltr'><strong>Et</strong></span> <span class='ocrx_word' id='word_1_248' title='bbox 1461 2330 1498 2360; x_wconf 81' lang='lat' dir='ltr'><strong>in</strong></span> 
     </span>
     <span class='ocr_line' id='line_1_33' title="bbox 260 2392 528 2432; baseline 0.004 -10"><span class='ocrx_word' id='word_1_249' title='bbox 260 2400 341 2432; x_wconf 74' lang='lat' dir='ltr'><strong>sequ</strong></span> <span class='ocrx_word' id='word_1_250' title='bbox 378 2392 528 2432; x_wconf 52' lang='lat' dir='ltr'><strong>saepiu&amp;</strong></span> 
     </span>
    </p>
   </div>
   <div class='ocr_carea' id='block_1_8' title="bbox 168 2492 1497 2828">
    <p class='ocr_par' dir='ltr' id='par_1_8' title="bbox 168 2492 1497 2828">
     <span class='ocr_line' id='line_1_34' title="bbox 214 2492 1497 2537; baseline -0.004 -10"><span class='ocrx_word' id='word_1_251' title='bbox 214 2497 246 2527; x_wconf 85' lang='lat'>4.</span> <span class='ocrx_word' id='word_1_252' title='bbox 273 2496 368 2537; x_wconf 85' lang='lat' dir='ltr'><strong>prius</strong></span> <span class='ocrx_word' id='word_1_253' title='bbox 394 2506 456 2527; x_wconf 82' lang='lat' dir='ltr'><strong>om.</strong></span> <span class='ocrx_word' id='word_1_254' title='bbox 476 2495 516 2527; x_wconf 87' lang='lat' dir='ltr'><strong>P.</strong></span> <span class='ocrx_word' id='word_1_255' title='bbox 606 2498 637 2528; x_wconf 85' lang='lat'>6.</span> <span class='ocrx_word' id='word_1_256' title='bbox 664 2495 855 2537; x_wconf 88' lang='lat' dir='ltr'><strong>proprium.</strong></span> <span class='ocrx_word' id='word_1_257' title='bbox 878 2494 978 2526; x_wconf 83' lang='lat' dir='ltr'><strong>Sicut</strong></span> <span class='ocrx_word' id='word_1_258' title='bbox 997 2496 1114 2525; x_wconf 80' lang='lat' dir='ltr'><strong>autem</strong></span> <span class='ocrx_word' id='word_1_259' title='bbox 1134 2492 1214 2525; x_wconf 86' lang='lat' dir='ltr'><strong>ideo</strong></span> <span class='ocrx_word' id='word_1_260' title='bbox 1233 2493 1275 2526; x_wconf 88' lang='lat' dir='ltr'><strong>A.</strong></span> <span class='ocrx_word' id='word_1_261' title='bbox 1359 2494 1390 2525; x_wconf 88' lang='grc'><strong>8.</strong></span> <span class='ocrx_word' id='word_1_262' title='bbox 1409 2493 1497 2523; x_wconf 85' lang='lat' dir='ltr'><strong>invi-</strong></span> 
     </span>
     <span class='ocr_line' id='line_1_35' title="bbox 169 2550 1497 2595; baseline -0.003 -10"><span class='ocrx_word' id='word_1_263' title='bbox 169 2564 243 2585; x_wconf 87' lang='lat' dir='ltr'><strong>cem</strong></span> <span class='ocrx_word' id='word_1_264' title='bbox 255 2565 326 2595; x_wconf 71' lang='lat' dir='ltr'><strong>pro</strong></span> <span class='ocrx_word' id='word_1_265' title='bbox 343 2557 455 2585; x_wconf 82' lang='lat' dir='ltr'><strong>totum</strong></span> <span class='ocrx_word' id='word_1_266' title='bbox 482 2554 510 2585; x_wconf 93' lang='lat' dir='ltr'>B</span> <span class='ocrx_word' id='word_1_267' title='bbox 527 2553 553 2585; x_wconf 83' lang='lat' dir='ltr'>C</span> <span class='ocrx_word' id='word_1_268' title='bbox 568 2553 596 2584; x_wconf 92' lang='lat' dir='ltr'>P</span> <span class='ocrx_word' id='word_1_269' title='bbox 613 2554 668 2585; x_wconf 90' lang='lat' dir='ltr'><strong>Pr.</strong></span> <span class='ocrx_word' id='word_1_270' title='bbox 753 2555 783 2585; x_wconf 85' lang='lat'>9.</span> <span class='ocrx_word' id='word_1_271' title='bbox 808 2552 859 2584; x_wconf 75' lang='lat' dir='ltr'><strong>b0‘</strong></span> <span class='ocrx_word' id='word_1_272' title='bbox 877 2552 934 2594; x_wconf 89' lang='lat'><strong>(=</strong></span> <span class='ocrx_word' id='word_1_273' title='bbox 953 2550 1082 2595; x_wconf 88' lang='lat' dir='ltr'><strong>minor)</strong></span> <span class='ocrx_word' id='word_1_274' title='bbox 1101 2551 1146 2583; x_wconf 93' lang='lat' dir='ltr'><strong>A.</strong></span> <span class='ocrx_word' id='word_1_275' title='bbox 1218 2552 1274 2583; x_wconf 88' lang='lat'>11.</span> <span class='ocrx_word' id='word_1_276' title='bbox 1302 2550 1497 2593; x_wconf 82' lang='lat' dir='ltr'><strong>particulas</strong></span> 
     </span>
     <span class='ocr_line' id='line_1_36' title="bbox 168 2609 1497 2654; baseline -0.003 -11"><span class='ocrx_word' id='word_1_277' title='bbox 168 2612 196 2642; x_wconf 93' lang='lat' dir='ltr'>P</span> <span class='ocrx_word' id='word_1_278' title='bbox 223 2612 268 2643; x_wconf 80' lang='lat' dir='ltr'><strong>sit</strong></span> <span class='ocrx_word' id='word_1_279' title='bbox 293 2611 322 2643; x_wconf 92' lang='lat' dir='ltr'>A</span> <span class='ocrx_word' id='word_1_280' title='bbox 340 2611 377 2643; x_wconf 82' lang='lat' dir='ltr'>C.</span> <span class='ocrx_word' id='word_1_281' title='bbox 476 2614 529 2644; x_wconf 74' lang='lat'><strong>12.</strong></span> <span class='ocrx_word' id='word_1_282' title='bbox 556 2612 695 2654; x_wconf 88' lang='lat' dir='ltr'><strong>proprie</strong></span> <span class='ocrx_word' id='word_1_283' title='bbox 722 2612 839 2643; x_wconf 83' lang='lat' dir='ltr'><strong>anime</strong></span> <span class='ocrx_word' id='word_1_284' title='bbox 864 2611 920 2643; x_wconf 88' lang='lat' dir='ltr'><strong>Pr.</strong></span> <span class='ocrx_word' id='word_1_285' title='bbox 962 2614 1043 2653; x_wconf 86' lang='lat' dir='ltr'><strong>post</strong></span> <span class='ocrx_word' id='word_1_286' title='bbox 1068 2610 1136 2642; x_wconf 89' lang='lat' dir='ltr'><strong>hoc</strong></span> <span class='ocrx_word' id='word_1_287' title='bbox 1161 2610 1190 2642; x_wconf 92' lang='lat' dir='ltr'><strong>A</strong></span> <span class='ocrx_word' id='word_1_288' title='bbox 1217 2609 1406 2641; x_wconf 82' lang='lat' dir='ltr'><strong>racionalis</strong></span> <span class='ocrx_word' id='word_1_289' title='bbox 1428 2620 1497 2649; x_wconf 75' lang='lat' dir='ltr'><strong>pro</strong></span> 
     </span>
     <span class='ocr_line' id='line_1_37' title="bbox 168 2667 1496 2712; baseline -0.003 -11"><span class='ocrx_word' id='word_1_290' title='bbox 168 2669 287 2702; x_wconf 78' lang='lat' dir='ltr'><strong>totalis</strong></span> <span class='ocrx_word' id='word_1_291' title='bbox 319 2670 358 2701; x_wconf 90' lang='lat' dir='ltr'><strong>P.</strong></span> <span class='ocrx_word' id='word_1_292' title='bbox 469 2672 523 2704; x_wconf 88' lang='lat'><strong>14.</strong></span> <span class='ocrx_word' id='word_1_293' title='bbox 557 2670 636 2712; x_wconf 82' lang='lat' dir='ltr'><strong>plus</strong></span> <span class='ocrx_word' id='word_1_294' title='bbox 664 2682 734 2712; x_wconf 71' lang='lat' dir='ltr'><strong>pro</strong></span> <span class='ocrx_word' id='word_1_295' title='bbox 767 2673 847 2712; x_wconf 84' lang='lat' dir='ltr'><strong>post</strong></span> <span class='ocrx_word' id='word_1_296' title='bbox 878 2670 1021 2701; x_wconf 89' lang='lat' dir='ltr'>BPPr.</span> <span class='ocrx_word' id='word_1_297' title='bbox 1140 2671 1192 2701; x_wconf 88' lang='lat'><strong>15.</strong></span> <span class='ocrx_word' id='word_1_298' title='bbox 1225 2670 1382 2700; x_wconf 80' lang='lat' dir='ltr'><strong>maneret</strong></span> <span class='ocrx_word' id='word_1_299' title='bbox 1414 2667 1496 2698; x_wconf 87' lang='lat' dir='ltr'><strong>BP.</strong></span> 
     </span>
     <span class='ocr_line' id='line_1_38' title="bbox 171 2726 1497 2767; baseline -0.003 -7"><span class='ocrx_word' id='word_1_300' title='bbox 171 2728 234 2760; x_wconf 85' lang='lat' dir='ltr'><strong>ead</strong></span> <span class='ocrx_word' id='word_1_301' title='bbox 246 2740 300 2761; x_wconf 92' lang='lat' dir='ltr'><strong>em</strong></span> <span class='ocrx_word' id='word_1_302' title='bbox 315 2740 376 2761; x_wconf 85' lang='lat' dir='ltr'><strong>om.</strong></span> <span class='ocrx_word' id='word_1_303' title='bbox 393 2730 450 2761; x_wconf 93' lang='lat' dir='ltr'><strong>Pr.</strong></span> <span class='ocrx_word' id='word_1_304' title='bbox 514 2731 567 2761; x_wconf 83' lang='grc'><strong>16.</strong></span> <span class='ocrx_word' id='word_1_305' title='bbox 586 2732 620 2761; x_wconf 83' lang='lat' dir='ltr'><strong>et</strong></span> <span class='ocrx_word' id='word_1_306' title='bbox 635 2741 696 2761; x_wconf 83' lang='lat' dir='ltr'><strong>om.</strong></span> <span class='ocrx_word' id='word_1_307' title='bbox 713 2728 753 2760; x_wconf 92' lang='lat' dir='ltr'><strong>A.</strong></span> <span class='ocrx_word' id='word_1_308' title='bbox 818 2731 871 2762; x_wconf 88' lang='lat'><strong>17.</strong></span> <span class='ocrx_word' id='word_1_309' title='bbox 899 2739 978 2760; x_wconf 87' lang='lat' dir='ltr'><strong>cum</strong></span> <span class='ocrx_word' id='word_1_310' title='bbox 993 2739 1054 2759; x_wconf 85' lang='lat' dir='ltr'><strong>om.</strong></span> <span class='ocrx_word' id='word_1_311' title='bbox 1077 2727 1133 2759; x_wconf 88' lang='lat' dir='ltr'><strong>Pr.</strong></span> <span class='ocrx_word' id='word_1_312' title='bbox 1203 2727 1255 2758; x_wconf 85' lang='lat'>18.</span> <span class='ocrx_word' id='word_1_313' title='bbox 1272 2728 1325 2758; x_wconf 83' lang='grc'><strong>19.</strong></span> <span class='ocrx_word' id='word_1_314' title='bbox 1342 2726 1497 2767; x_wconf 81' lang='lat' dir='ltr'><strong>aliquam</strong></span> 
     </span>
     <span class='ocr_line' id='line_1_39' title="bbox 169 2783 1495 2828; baseline -0.004 -9"><span class='ocrx_word' id='word_1_315' title='bbox 169 2797 224 2819; x_wconf 89' lang='lat' dir='ltr'><strong>me</strong></span> <span class='ocrx_word' id='word_1_316' title='bbox 250 2788 405 2819; x_wconf 84' lang='lat' dir='ltr'><strong>animam</strong></span> <span class='ocrx_word' id='word_1_317' title='bbox 433 2788 472 2819; x_wconf 89' lang='lat' dir='ltr'><strong>P.</strong></span> <span class='ocrx_word' id='word_1_318' title='bbox 570 2789 624 2819; x_wconf 76' lang='lat'>23.</span> <span class='ocrx_word' id='word_1_319' title='bbox 653 2787 807 2828; x_wconf 85' lang='lat' dir='ltr'><strong>corporis</strong></span> <span class='ocrx_word' id='word_1_320' title='bbox 846 2798 908 2818; x_wconf 82' lang='lat' dir='ltr'><strong>om.</strong></span> <span class='ocrx_word' id='word_1_321' title='bbox 940 2786 980 2818; x_wconf 91' lang='lat' dir='ltr'>P.</span> <span class='ocrx_word' id='word_1_322' title='bbox 1077 2786 1132 2817; x_wconf 80' lang='lat'><strong>24.</strong></span> <span class='ocrx_word' id='word_1_323' title='bbox 1172 2790 1252 2817; x_wconf 76' lang='lat' dir='ltr'><strong>ante</strong></span> <span class='ocrx_word' id='word_1_324' title='bbox 1291 2785 1375 2826; x_wconf 79' lang='lat' dir='ltr'><strong>quia</strong></span> <span class='ocrx_word' id='word_1_325' title='bbox 1413 2783 1495 2814; x_wconf 73' lang='lat' dir='ltr'><strong>add.</strong></span> 
     </span>
    </p>
   </div>
   <div class='ocr_carea' id='block_1_9' title="bbox 168 2841 1504 2931">
    <p class='ocr_par' dir='ltr' id='par_1_9' title="bbox 168 2841 1504 2931">
     <span class='ocr_line' id='line_1_40' title="bbox 168 2841 1504 2887; baseline -0.004 -10"><span class='ocrx_word' id='word_1_326' title='bbox 168 2849 305 2877; x_wconf 71' lang='lat' dir='ltr'><strong>eertum</strong></span> <span class='ocrx_word' id='word_1_327' title='bbox 324 2845 364 2886; x_wconf 84' lang='lat' dir='ltr'><strong>A,</strong></span> <span class='ocrx_word' id='word_1_328' title='bbox 389 2849 462 2877; x_wconf 90' lang='lat' dir='ltr'><strong>tum</strong></span> <span class='ocrx_word' id='word_1_329' title='bbox 490 2845 527 2877; x_wconf 84' lang='lat' dir='ltr'>C.</span> <span class='ocrx_word' id='word_1_330' title='bbox 594 2846 647 2877; x_wconf 69' lang='lat'>95.</span> <span class='ocrx_word' id='word_1_331' title='bbox 675 2845 850 2887; x_wconf 83' lang='lat' dir='ltr'><strong>dependet</strong></span> <span class='ocrx_word' id='word_1_332' title='bbox 876 2843 1044 2876; x_wconf 81' lang='lat' dir='ltr'>BCPPr.</span> <span class='ocrx_word' id='word_1_333' title='bbox 1112 2845 1167 2875; x_wconf 74' lang='lat'>26.</span> <span class='ocrx_word' id='word_1_334' title='bbox 1195 2843 1330 2874; x_wconf 80' lang='lat' dir='ltr'><strong>distans</strong></span> <span class='ocrx_word' id='word_1_335' title='bbox 1358 2842 1427 2873; x_wconf 76' lang='lat' dir='ltr'><strong>BP</strong></span> <span class='ocrx_word' id='word_1_336' title='bbox 1444 2841 1504 2872; x_wconf 81' lang='lat' dir='ltr'><strong>Pr.</strong></span> 
     </span>
     <span class='ocr_line' id='line_1_41' title="bbox 1361 2902 1378 2931; baseline 0 0"><span class='ocrx_word' id='word_1_337' title='bbox 1361 2902 1378 2931; x_wconf 83' lang='lat'>7</span> 
     </span>
    </p>
   </div>
  </div>
 </body>
</html>
