2035 3359
184 227 270 253 CAP.
291 228 357 254 VH.
508 220 574 251 DE
602 220 963 255 COMPOSICIONE
988 220 1203 253 HOMINIS.

187 322 394 380 Cristum,
418 325 529 367 sicut
552 326 754 382 superius
776 326 948 369 locutus
972 341 1030 380 eS,
1060 325 1136 367 ubi
1161 323 1350 367 Gristum
1382 323 1512 365 deum

188 394 529 450 omnipotentem
554 395 821 438 crudelitatis
845 412 869 437 a
902 410 1097 451 corpore,
1127 397 1155 449 ἦ·
1186 401 1235 436 ut
1267 393 1396 436 deum
1428 408 1513 434 non

189 464 383 520 credens,
416 465 497 506 nisi
531 465 669 506 eciam
704 466 946 521 perfectum
982 465 1203 507 hominem
1236 463 1513 517 credidisses,

191 533 403 590 profecto,
444 549 540 575 cum
576 534 682 577 dicis
717 535 971 591 perfectum,
1004 541 1141 578 totam
1179 533 1266 576 illic
1312 539 1514 575 naturam

150 603 425 645 5humanam
459 605 525 646 vis
557 603 819 660 intelligere.
854 605 952 647 Non
985 612 1050 648 est
1073 611 1218 647 autem
1251 604 1383 645 homo
1419 618 1514 659 per-

188 673 341 731 fectus,
375 675 411 715 si
441 674 513 717 vel
553 676 696 718 anima
728 676 847 718 carni
880 675 951 718 vel
990 676 1133 718 anime
1171 675 1253 731 ipsi
1284 688 1405 716 mens
1438 672 1514 714 hu·

192 759 320 785 mana
352 743 527 786 deficit!

92 854 124 886 A
249 814 321 856 Ex
351 815 444 856 istis
476 813 606 872 plane
629 822 749 872 patet
770 815 1065 871 Augustinum
1100 815 1380 870 distingwere
1404 813 1517 854 inter

36 901 97 933 fol.
131 901 174 933 60
189 891 379 927 mentem
403 891 445 927 et
467 886 653 927 animam
676 885 732 927 ad
756 901 931 928 sensum
954 887 1215 942 expositum.
1239 884 1331 927 Nec
1354 882 1481 926 obest
1507 882 1514 938 1

131 959 175 991 10
194 954 437 997 secundum
469 956 693 997 racionem
727 971 893 1012 ponere
938 955 1270 998 distinccionem
1303 969 1401 996 cum
1433 952 1518 995 hoc

192 1025 309 1082 quod
342 1040 464 1068 mens
498 1026 554 1067 sit
575 1026 731 1082 anima,
766 1027 869 1083 quia
899 1032 1056 1068 natura
1078 1026 1225 1067 divina
1257 1031 1299 1067 et
1330 1038 1519 1081 persona

192 1096 527 1151 distingwuntur
564 1097 740 1139 racione
776 1094 1227 1138 communicabilitatis
1271 1101 1315 1136 et
1357 1095 1518 1135 incom-

192 1164 559 1221 municabilitatis‚
605 1172 647 1208 et
678 1172 824 1208 tamen
881 1167 1019 1208 omnis
1064 1171 1221 1207 natura
1263 1165 1410 1208 divina
1454 1170 1521 1206 est

192 1250 381 1292 persona
423 1241 466 1278 et
498 1231 675 1278 econtra
724 1237 786 1279 sic
829 1252 951 1278 mens
994 1235 1067 1280 vel
1097 1235 1288 1293 spiritus,
1323 1250 1419 1276 cum
1465 1234 1520 1276 sit

83 1300 85 1303 ¹
137 1309 178 1341 15
195 1304 569 1348 communicabilis
628 1305 808 1360 homini,
887 1306 1177 1361 distingwitur
1237 1304 1292 1347 ab
1350 1304 1520 1347 eodem.

197 1376 256 1418 Et
308 1376 352 1417 in
406 1374 594 1432 dyalogo
659 1376 714 1417 ad
765 1375 1037 1418 Felicianum
1080 1376 1140 1418 ita
1193 1375 1386 1432 loquitur
1430 1373 1519 1416 Au-

196 1446 395 1502 gustinus
428 1445 757 1488 adversantem:
811 1445 898 1488 ‘Sic
932 1461 989 1488 ex
1021 1446 1102 1488 deo
1136 1451 1179 1488 et
1219 1444 1394 1487 homine
1435 1459 1521 1486 non

196 1515 491 1574 imperfectus,
546 1516 623 1558 sed
687 1517 731 1558 in
795 1516 969 1559 diversa
1034 1516 1304 1572 proprietate
1361 1514 1520 1572 plenis-

199 1586 333 1628 simus
385 1592 513 1628 natus
562 1592 626 1628 est
671 1585 855 1640 cristus,
899 1587 1011 1628 sicut
1054 1601 1111 1627 ex
1154 1585 1297 1626 anima
1343 1591 1385 1627 et
1430 1598 1520 1626 cor-

139 1657 185 1688 20
200 1671 307 1712 pore
341 1657 643 1713 unusquisque
683 1655 908 1698 hominum
946 1656 1130 1698 docetur
1158 1670 1254 1698 esse
1283 1654 1520 1711 perfectus.

200 1726 311 1768 Nam
343 1741 430 1769 non
461 1725 570 1768 alius
601 1726 731 1768 homo
764 1741 936 1782 corpus,
969 1725 1078 1768 alius
1108 1726 1289 1781 animus,
1324 1724 1522 1782 quamvis

200 1795 318 1838 aliud
363 1811 537 1853 corpus,
596 1795 714 1838 aliud
759 1796 941 1838 animus.
1016 1795 1328 1851 Unusquisque
1377 1801 1524 1836 tamen

200 1872 332 1923 atque
376 1866 494 1909 idem
538 1866 670 1909 homo
723 1873 766 1909 et
819 1882 980 1923 corpus
1032 1866 1218 1908 dicetur
1255 1871 1298 1907 et
1341 1865 1522 1906 animus.

199 1936 389 1979 Rursum
420 1951 507 1979 non
538 1937 657 1978 idem
689 1952 822 1980 unum
861 1943 992 1993 atque
1029 1936 1073 1978 id
1112 1937 1257 1993 ipsum
1290 1949 1450 1991 corpus
1483 1940 1527 1976 et

142 2007 185 2038 25
199 2008 381 2064 animus,
398 2008 499 2065 quia
521 2023 577 2050 ex
592 2014 780 2064 utroque
803 2006 935 2049 homo
958 2006 1180 2062 perfectus
1204 2004 1392 2048 est.Non
1409 2005 1522 2045 enim

199 2077 284 2121 hoc
326 2084 400 2121 aut
445 2078 718 2121 substancias
765 2077 991 2120 confundit
1032 2077 1076 2118 in
1107 2076 1275 2118 unitate
1318 2089 1522 2131 persone,

388 2186 523 2232 16417.
549 2184 640 2227 Aug.
666 2184 760 2216 Dial.
783 2187 905 2216 contra
925 2182 1036 2216 Felic.
1063 2182 1116 2217 11.
1136 2181 1269 2224 (Miyne
1288 2180 1403 2214 XLII
1420 2182 1523 2221 1166)

287 2242 469 2285 perfectus.
488 2243 569 2276 Non
583 2243 673 2275 alius
694 2241 781 2285 Auy.
800 2260 845 2265 —
869 2241 966 2274 Unus·
984 2246 1095 2274 tamen
1112 2239 1198 2283 Any.
1213 2237 1354 2272 doceticr
1369 2238 1444 2280 (lin.
1461 2238 1521 2279 23)

293 2300 381 2345 Any.
407 2302 488 2335 Non
504 2313 609 2335 unum
624 2300 710 2347 Auq.
730 2302 826 2335 homo
834 2300 955 2342 factus
973 2305 1020 2334 esc
1036 2311 1135 2333 unu-9.
1163 2298 1250 2342 Aug.

295 2388 326 2420 1.
353 2388 407 2418 est
431 2384 522 2425 libri,
547 2383 599 2416 ibi
623 2383 665 2417 A.
737 2386 769 2416 3.
795 2393 866 2416 non
886 2394 957 2426 pro
983 2382 1050 2415 nisi
1074 2382 1131 2415 Pr.
1203 2380 1459 2423 5.intellegere
1484 2381 1523 2414 B.

199 2446 271 2480 Ubi
291 2448 428 2478 estnon
442 2446 559 2475 autem
577 2441 617 2474 A.
669 2443 700 2474 6.
729 2442 758 2474 si
776 2453 839 2474 om.
858 2440 897 2473 A.
948 2440 1121 2473 8.'dicere
1138 2451 1203 2481 pro
1225 2439 1449 2481 distingwere
1466 2439 1524 2476 Pr,

204 2507 256 2538 10.
273 2505 302 2537 si
317 2502 512 2536 secundum
530 2502 709 2533 racionem
728 2501 876 2532 sumitur
894 2499 1076 2532 distinccio
1092 2498 1255 2530 animalis
1270 2501 1351 2530 sunt
1359 2497 1526 2530 distincta

202 2562 343 2606 quando
371 2572 452 2594 cum
476 2561 544 2592 hoc
569 2570 667 2592 mens
692 2559 733 2599 B,
760 2559 790 2591 si
821 2558 1018 2591 secundum
1043 2558 1223 2589 racionem
1255 2559 1336 2589 sunt
1362 2556 1528 2588 distincta

203 2622 288 2664 quin
303 2631 382 2653 cum
396 2620 465 2651 hoc
479 2629 579 2651 mens
599 2617 625 2650 C
640 2618 668 2649 P
683 2617 743 2649 Pr.
856 2619 906 2649 12.
938 2620 972 2649 et
984 2614 1393 2648 incommunicabilitatis
1407 2626 1469 2647 om.
1487 2615 1526 2646 A.

208 2680 259 2712 18.
273 2678 478 2720 imperfecto
494 2677 533 2710 B.
608 2687 649 2708 ex
659 2687 727 2717 pro
741 2677 777 2708 in
791 2675 832 2708 A.
901 2677 953 2708 19.
970 2677 1023 2707 2¹0.
1043 2684 1188 2716 corpore
1204 2677 1238 2706 et
1252 2674 1371 2705 anima
1384 2672 1412 2704 B
1426 2672 1454 2704 P
1469 2673 1526 2704 Pr.

205 2737 340 2769 dicetur
360 2736 401 2768 A.
466 2737 520 2768 21.
541 2738 575 2767 et
593 2734 683 2766 alius
701 2734 740 2766 B.
815 2736 870 2767 23.
889 2737 995 2776 atque
1012 2733 1106 2766 idem
1124 2744 1187 2764 om.
1205 2732 1246 2764 A.
1344 2732 1398 2762 ⁵24.
1417 2741 1526 2762 unum

204 2794 354 2827 verbum
385 2796 493 2836 atque
518 2793 560 2834 A,
596 2793 745 2825 verbum
776 2804 845 2835 pro
882 2803 992 2825 unum
1032 2791 1070 2832 C,
1109 2794 1216 2834 atque
1253 2801 1316 2823 om.
1340 2788 1527 2821 BCPPr.

204 2854 258 2884 26.
295 2861 454 2895 persone.
500 2851 537 2884 Si
579 2854 696 2884 autem
735 2861 903 2894 personas
941 2850 981 2891 A,
1015 2854 1075 2882 aut
1111 2860 1173 2892 per
1210 2848 1433 2882 substancias
1470 2847 1527 2878 Pr.

1722 204 1801 241 123

1584 817 1755 849 Augustino

1557 852 1781 884 distinguishes

1550 888 1689 913 between
1707 887 1791 912 mind

1557 923 1617 948 and
1637 923 1720 955 soul;
1740 924 1792 955 yet

1542 958 1626 984 mind
1646 958 1705 983 and
1725 957 1793 982 soul

1562 1000 1632 1026 may
1651 993 1690 1018 be
1710 999 1778 1018 one.
