2035 3359
221 175 274 213 86
934 182 1174 216 JOHANNIS
1201 182 1389 216 WIOLIF.
1680 169 1782 228 [GAP.
1808 182 1844 210 v.

516 290 594 334 sed
626 291 888 334 humanitati
934 306 1012 334 sue
1056 292 1217 334 accidit
1261 292 1474 334 animacio
1520 293 1732 349 corporis,
1779 291 1849 334 cui

515 363 777 405 animacioni
809 361 882 404 ille
915 363 1092 419 spiritus
1127 369 1193 405 est
1223 362 1546 419 ydentificatus.

573 433 644 475 Ex
658 433 751 475 istis
767 439 903 490 patet7
919 448 1018 476 cum
1040 433 1290 476 humanitas
1307 434 1361 475 sit
1375 434 1429 475 ad
1447 449 1619 476 omnem
1636 439 1849 491 punctum

513 503 703 546 hominis
761 504 1003 546 seeundum
1050 519 1096 546 se
1147 510 1299 558 totam,
1359 512 1402 547 et
1443 519 1531 546 non
1577 505 1850 560 corporeitas

514 574 723 631 simplicis
758 573 975 629 elementi,
1022 575 1139 631 quod
1185 575 1282 631 ipsa
1327 581 1393 617 est
1424 574 1705 618 indivisibilis
1739 584 1884 632 quo-5

511 644 567 688 ad
601 644 775 688 molem.

220 723 497 785 Allfjfggrffeded
572 715 778 759 Secundo
811 722 962 774 potest
995 731 1051 758 ex
1074 716 1203 759 dictis
1227 715 1374 773 colligi
1406 717 1524 759 racio
1558 715 1851 759 universalior

219 794 410 826 indivisiffle,
443 787 718 844 uotprobans,
753 787 871 844 quod
905 787 1045 829 omnis
1077 788 1204 829 mixti
1238 803 1348 842 esse,
1384 793 1428 830 et
1458 803 1540 844 per
1573 802 1850 844 consequens

300 830 415 861 having

249 866 461 934 assxssffssissii'iy
512 860 652 902 omnis
693 858 837 901 forma
876 858 1164 914 superaddita
1196 859 1251 901 sit
1288 858 1614 915 quodammodo
1653 857 1849 901 indivisi-

218 936 496 997 rffiaffgimtffffih
510 929 611 972 bilis
645 929 791 987 quoad
826 928 1000 971 molem.
1035 928 1335 986 Supponendo
1370 930 1527 986 primo,
1562 928 1681 986 quod
1712 927 1848 971 nichil
1866 935 1909 967 10

219 1007 357 1039 changed
376 1008 407 1032 in
420 1007 495 1033 ⁸122·-
511 1002 693 1057 proprie
751 999 1007 1043 extenditur
1064 999 1210 1056 quoad
1266 1000 1396 1043 situm
1442 1015 1540 1042 cum
1587 999 1684 1055 hoc,
1732 1000 1851 1057 quod

512 1072 654 1130 possit
686 1072 905 1129 adequate
940 1070 1241 1113 circumscribi
1272 1070 1361 1128 'per
1400 1071 1529 1113 situm
1575 1069 1722 1124 alium,
1758 1071 1852 1113 sive

511 1142 611 1199 hoc,
646 1142 766 1199 quod
799 1141 1064 1199 partibiliter
1106 1141 1163 1184 ad
1209 1157 1310 1185 eum
1342 1147 1575 1185 moveatur
1607 1141 1852 1183 secundum

512 1213 708 1270 aliquam
732 1213 799 1255 sui
815 1219 1000 1271 partem.
1029 1212 1159 1255 Patet
1182 1213 1433 1270 supposicio
1457 1227 1539 1269 per
1559 1211 1852 1254 Anshelmum

513 1283 703 1326 monolo.
741 1286 815 1324 14Ο
856 1282 1042 1341 ‘Nempe
1076 1284 1204 1337 enim,
1250 1284 1404 1341 inquit,
1449 1284 1624 1325 omnino
1669 1283 1850 1325 circum-
1869 1292 1910 1323 15

512 1354 725 1412 scriptum
759 1360 838 1409 est,
872 1354 991 1410 quod
1015 1369 1113 1396 cum
1138 1353 1300 1396 alicubi
1320 1359 1461 1396 totum
1485 1359 1565 1410 est,
1588 1369 1674 1396 non
1706 1360 1853 1410 potest

513 1424 640 1467 simul
674 1440 769 1467 esse
802 1424 933 1467 alibi.'
980 1423 1111 1477 Quod
1148 1424 1204 1466 de
1238 1423 1342 1467 solis
1376 1425 1603 1482 corporeis
1638 1426 1850 1479 cernitur3

511 1496 944 1554 incircumscriptum
968 1502 1114 1538 autem
1132 1494 1402 1553 simpliciter,
1427 1496 1546 1552 quod
1563 1495 1692 1538 simul
1709 1502 1850 1538 totum

512 1573 578 1609 est
608 1566 788 1624 ubique7
821 1572 870 1608 ut
908 1566 1026 1609 solus
1067 1566 1189 1609 deus.
1234 1566 1485 1608 Diffinitum
1518 1572 1664 1609 autem
1702 1565 1847 1609 locum

512 1644 555 1679 et
575 1652 663 1680 non
686 1643 921 1680 extensum
944 1652 1026 1694 per
1054 1637 1245 1680 eundem
1267 1643 1430 1680 vocant
1463 1636 1707 1680 secundum
1740 1637 1844 1694 quid
1862 1648 1906 1679 20

509 1709 952 1765 incircumscriptum,
985 1714 1033 1751 ut
1065 1707 1316 1766 spirituales
1350 1714 1565 1752 creature.
1613 1708 1711 1761 Quo
1746 1724 1844 1766 sup·
1860 1703 1995 1785 folA54³

510 1780 654 1836 posito
689 1780 887 1835 arguitur
923 1780 1002 1821 sic:
1069 1778 1224 1821 Omnis
1259 1779 1413 1833 forma,
1451 1795 1537 1836 que
1570 1786 1717 1837 potest
1749 1795 1846 1823 esse
1913 1776 1919 1784 ⁸

511 1850 734 1908 adequata
777 1865 859 1907 per
903 1850 1034 1892 situm
1079 1850 1226 1903 alium,
1286 1865 1416 1908 quam
1462 1856 1529 1892 est
1570 1850 1705 1907 prius,
1754 1851 1847 1893 sine

513 1921 606 1963 eius
657 1927 793 1977 motu,
841 1936 928 1963 non
978 1922 1158 1979 proprie
1212 1921 1465 1964 extenditur
1513 1936 1595 1977 per
1645 1921 1847 1964 eundem.

514 1991 671 2035 Omnis
693 1992 835 2036 forma
857 1992 1158 2047 superaddita,
1184 1998 1226 2035 et
1243 1991 1493 2049 specialiter
1516 1992 1760 2034 animalitas
1785 1999 1851 2035 est
1865 1999 1908 2030 25

511 2062 783 2105 huiusmodi:
813 2077 916 2118 ergo
955 2070 1052 2115 etc„
1090 2070 1134 2106 et
1164 2078 1262 2106 cum
1286 2064 1341 2106 sit
1362 2063 1418 2105 ad
1443 2078 1615 2106 omnem
1638 2069 1850 2121 punctum

511 2133 709 2188 subiecti,
758 2133 1023 2191 relinquitur
1072 2135 1164 2176 eius
1210 2133 1523 2191 multiplicacio
1568 2149 1650 2191 per
1693 2140 1848 2177 totum.

701 2264 755 2295 14.
777 2262 935 2296 Anselm.
964 2264 1151 2306 Monolog.
1177 2263 1262 2295 XXI
1290 2263 1349 2309 [al.
1367 2263 1447 2308 XX]
1482 2264 1565 2307 (ozon
1591 2264 1689 2306 XIV)
1719 2263 1852 2307 (Miyne

608 2320 669 2354 CL
680 2321 783 2362 VIII,
811 2323 880 2354 172
906 2320 965 2364 A).
1002 2321 1072 2354 Sed
1098 2322 1140 2355 de
1158 2334 1223 2365 quo
1240 2322 1330 2355 nihil
1348 2328 1396 2355 est
1417 2327 1518 2355 extra
1536 2322 1712 2364 quemlibet
1731 2323 1850 2365 locum,

605 2380 696 2412 nihil
722 2382 797 2413 eius
817 2386 865 2414 est
891 2382 1006 2414 eodem
1034 2386 1185 2423 tempore
1211 2383 1249 2413 in
1276 2382 1346 2414 alio
1373 2382 1452 2415 loco.
1485 2381 1605 2420 Quare
1631 2382 1723 2423 quod
1748 2387 1852 2415 totum

605 2445 653 2472 est
671 2442 709 2472 in
728 2440 844 2483 aliquo
863 2441 950 2481 loco,
969 2441 1059 2473 nihil
1080 2442 1153 2473 eius
1168 2445 1217 2473 est
1235 2441 1339 2473 Simul
1356 2443 1394 2473 in
1410 2441 1479 2473 alio
1498 2441 1579 2473 loco.
1597 2460 1636 2465 —-
1656 2440 1743 2482 Eae,
1763 2451 1851 2483 quae

606 2501 843 2541 insequuntur
869 2502 1060 2532 Sentewiae
1087 2511 1163 2532 cum
1187 2499 1300 2531 verbis
1327 2500 1542 2541 Wc'clifianis
1567 2511 1636 2533 non
1656 2501 1845 2532 concinunt

560 2607 591 2638 3.
608 2605 704 2648 quod
715 2617 785 2647 pro
804 2616 884 2637 cum
898 2605 926 2636 B
942 2605 1002 2640 Pr.
1054 2608 1086 2638 5.
1106 2605 1202 2647 quod
1220 2617 1283 2638 om.
1302 2605 1343 2638 A.
1395 2607 1426 2639 8.
1447 2607 1608 2638 esseneia
1625 2606 1760 2639 APPr.
1776 2616 1848 2638 om-

511 2665 566 2696 nis
585 2676 647 2696 om.
670 2664 710 2696 P.
763 2666 815 2696 12.
835 2674 898 2706 pro
919 2665 1080 2706 sequitur
1092 2676 1163 2705 pro
1182 2665 1289 2696 situm
1308 2665 1418 2697 alium
1434 2666 1473 2698 A.
1526 2666 1579 2697 15.
1606 2662 1847 2698 monolo⁰¹¹¹Pr.

514 2724 566 2754 18.
586 2723 671 2765 quia
689 2722 785 2754 BPr.
884 2723 938 2753 21.
965 2723 1001 2753 in
1031 2723 1425 2766 circumpscripcionem
1445 2723 1485 2756 B.
1560 2725 1615 2756 22.
1641 2724 1694 2756 sic
1719 2735 1780 2756 om.
1807 2725 1847 2757 B.

510 2783 564 2812 ⁶23.
585 2780 762 2823 adaquato
790 2780 817 2811 B
835 2779 862 2812 C
879 2780 906 2812 P
923 2780 980 2813 Pr.
1045 2781 1155 2812 alium
1179 2793 1242 2813 om.
1262 2782 1291 2813 B
1307 2782 1347 2814 P.
1411 2783 1466 2814 24.
1493 2782 1595 2814 cuius
1621 2782 1649 2813 B
1664 2782 1720 2814 Pr.
1785 2793 1848 2824 per

510 2839 661 2871 eundem
688 2850 749 2870 om.
776 2839 824 2869 Pr
921 2842 974 2871 25.
1003 2839 1100 2871 adita
1126 2840 1166 2871 B.
1266 2841 1320 2873 26.
1350 2844 1403 2872 etc
1441 2851 1503 2872 om.
1532 2841 1558 2871 B
1575 2840 1673 2873 CPr.
1700 2840 1779 2881 fuit,
1805 2841 1845 2874 P.
