2035 3359
187 221 238 258 22
925 222 1164 255 JOHANNIS
1191 221 1378 254 WICLIF.
1668 207 1769 265 [CAP.
1791 220 1830 244 11.

486 349 582 376 esse
631 333 759 376 simul
807 333 1043 375 univocum
1082 337 1125 372 et
1158 331 1434 387 equivocum,
1488 329 1548 370 sic
1583 334 1680 381 stat,
1729 344 1831 385 ymo

487 405 784 461 consequitur,
818 405 963 461 ipsum
998 401 1246 457 significare
1271 415 1350 443 sua
1373 400 1604 456 supposita
1627 405 1715 441 tani
1751 399 1833 441 sub

488 475 642 518 eadem
689 490 822 533 quam
856 474 937 516 sub
972 473 1139 530 dispari
1183 472 1372 514 racione.
1437 470 1494 512 Et
1526 476 1662 527 patet,
1714 471 1834 527 quod

489 553 695 602 quattuor
728 552 828 589 sunt
862 546 1059 602 dispares
1082 544 1296 597 raciones,
1331 542 1575 585 secundum
1610 556 1717 599 quas
1750 541 1836 583 hoc

487 633 650 660 nomen
683 617 813 660 homo
849 615 1068 672 significat
1101 615 1246 656 omnia
1279 629 1358 656 sua
1406 613 1636 670 supposita
1680 627 1871 658 secun-5

491 689 595 731 dum
630 695 823 746 quatuor
855 686 1056 729 membra
1089 685 1425 742 significacionis
1460 684 1675 741 exposita.

198 772 476 834 relgitggsfofflder
548 760 681 802 Racio
714 765 877 812 autem,
913 757 994 800 sub
1036 772 1122 814 qua
1155 757 1299 799 anima
1341 761 1407 798 est
1439 755 1586 811 homo,
1634 761 1700 797 est
1732 755 1834 797 ista:

195 844 295 905 ννιῑιῃῑὲξ
315 841 476 911 1tffyvfferd
492 830 709 873 Creatura
746 844 828 887 per
861 845 908 872 se
947 827 1193 884 racionalis,
1241 827 1417 884 corpori
1461 825 1652 869 unibilis.
1701 825 1836 868 Racio

198 916 297 984 3133?
318 913 611 981 &gmsgsglgeverm
663 916 799 958 quare
847 915 1010 957 corpus
1056 905 1122 941 est
1153 899 1301 955 homo,
1351 904 1418 940 est
1461 899 1562 939 ista:
1611 895 1840 954 Corporea

284 970 290 984 ‚

215 994 309 1055 (ἓξὲξ).
324 985 466 1046 {ggaffprre
492 979 697 1016 creatura
728 972 1077 1029 participacione
1106 968 1353 1012 racionalis.
1388 969 1523 1010 Racio
1547 983 1668 1023 vero,
1704 983 1899 1024 quarem

198 1057 326 1090 capable
347 1056 380 1082 of
392 1056 475 1081 bliss-
491 1050 650 1087 natura
682 1043 855 1099 integra
889 1048 956 1084 est
987 1041 1134 1098 homo,
1172 1047 1237 1083 est
1270 1042 1372 1083 ista:
1413 1038 1573 1081 animal
1606 1037 1840 1081 racionale.

494 1115 582 1158 Sed
628 1120 784 1171 quarta
822 1114 940 1156 racio
982 1113 1225 1155 communis
1271 1118 1349 1167 est,
1397 1126 1483 1168 qua
1528 1110 1744 1168 quidquid
1779 1116 1845 1153 es*u

493 1187 638 1239 homo,
674 1191 740 1228 est
771 1186 856 1227 ista
889 1190 1093 1226 creatura
1124 1198 1205 1239 per
1245 1198 1290 1225 se
1323 1181 1654 1237 beatificabilis3
1700 1190 1742 1225 et
1781 1183 1843 1225 sic

497 1265 563 1301 est
593 1257 725 1300 homo
767 1255 1012 1298 communis
1058 1260 1261 1296 creature
1302 1252 1514 1295 racionali
1553 1268 1768 1312 corporee
1801 1260 1844 1296 et

500 1327 671 1384 angelo,
705 1334 753 1369 ut
785 1327 1004 1383 scriptura
1036 1326 1183 1382 sepius
1231 1330 1363 1367 vocat
1406 1323 1590 1379 angelos
1634 1325 1753 1368 viros
1801 1331 1901 1369 et15

501 1399 717 1453 homines,
751 1404 799 1440 ut
830 1397 986 1439 beatus
1019 1395 1309 1452 Augustinus,
1345 1394 1589 1451 Gregorius
1626 1402 1668 1438 et
1709 1396 1843 1438 ceteri

502 1472 707 1513 doctores
740 1468 946 1511 locuntur
980 1467 1270 1510 concorditer.
1322 1465 1404 1508 Ille
1448 1473 1609 1523 autem,
1657 1467 1726 1509 cui
1757 1481 1844 1508 non

500 1540 649 1598 placet
682 1538 863 1595 angelos
895 1554 1056 1582 vocare
1087 1538 1205 1580 viros
1228 1537 1300 1580 vel
1333 1537 1547 1594 homines,
1581 1553 1663 1580 nec
1695 1537 1844 1579 diabo-

500 1613 589 1654 lum
624 1611 847 1653 inimicum
881 1609 1116 1665 hominem,
1150 1615 1198 1650 ut
1221 1614 1418 1650 sanctum
1445 1608 1733 1664 ewangelium
1757 1608 1844 1650 elo-

502 1683 664 1740 quitur,
690 1687 837 1738 potest
861 1681 1021 1733 dicere,
1057 1680 1175 1737 quod
1199 1679 1329 1721 homo
1355 1680 1410 1721 sit
1434 1679 1701 1736 descriptivc
1726 1695 1844 1722 crea·
1860 1694 1905 1724 20

500 1762 600 1796 tura
630 1752 875 1808 racionalis,
917 1757 1071 1809 potens
1106 1767 1202 1793 esse
1234 1766 1514 1807 corporeum,
1548 1750 1620 1793 vel
1653 1766 1677 1792 a
1709 1751 1845 1807 priori

502 1825 650 1878 modo,
676 1825 799 1867 cuius
823 1824 1078 1866 scrutinium
1104 1822 1269 1864 directe
1292 1836 1378 1863 non
1401 1821 1593 1878 pertinet
1616 1820 1718 1863 huic
1731 1820 1842 1864 loco.

238 1920 301 1944 Tne
323 1920 464 1943 concrete
564 1895 650 1938 Sed
709 1894 936 1937 redeundo
990 1894 1045 1935 ad
1102 1893 1376 1949 propositum
1433 1892 1690 1934 conceditur
1746 1907 1845 1934 cum

231 1962 336 1980 names
357 1953 389 1978 of
409 1953 476 1977 sub-

232 1989 471 2020 stancesprfflu.
503 1965 762 2020 Aristotele,
811 1965 929 2022 quod
977 1970 1183 2007 concreta
1217 1963 1570 2005 substanciarum
1605 1978 1685 2020 per
1718 1978 1763 2005 se
1802 1963 1844 2004 in

257 2028 323 2051 cate
344 2025 374 2049 in
395 2024 445 2049 the

658 2086 713 2117 524.
752 2083 895 2117 Aristot.
937 2082 1099 2125 Categor.
1126 2081 1176 2114 VI
1209 2081 1324 2125 (VIII)
1361 2083 1379 2113 9
1410 2081 1476 2122 (ed.
1503 2080 1621 2113 Paris.
1650 2080 1678 2121 I,
1706 2082 1757 2121 14,
1786 2081 1847 2114 lin.

598 2148 619 2177 6
647 2144 733 2185 sqq.)
760 2141 847 2175 ''Om
872 2141 938 2185 μὲν
964 2138 1030 2174 οὖν
1056 2137 1165 2173 αὗται
1191 2137 1384 2183 ποιότητές
1410 2137 1489 2182 έίσι,
1509 2136 1690 2183 φανερὸν·
1718 2137 1763 2172 τὰ
1781 2138 1848 2184 γὰρ

600 2200 797 2245 δεδεγμένα
829 2200 923 2233 αὐτὰ
955 2199 1043 2233 ποιὰ
1076 2198 1210 2242 λέγεται
1246 2199 1323 2231 κατ’
1350 2197 1476 2242 αὐτὰς,
1508 2194 1588 2231 οἷον
1619 2196 1659 2231 τὸ
1692 2198 1770 2242 μέλι
1797 2203 1846 2244 τῷ

599 2260 801 2304 γλυκύτητα
819 2259 992 2305 δεδέχθαι
1010 2257 1117 2302 γλυκὺ
1137 2258 1289 2301 λέγεται·
1318 2257 1385 2291 καὶ
1407 2256 1453 2291 τὸ
1474 2261 1598 2301 σῶμα
1616 2254 1775 2290 λευκὸν
1792 2262 1847 2303 τῷ

602 2318 853 2363 λευκότητα
879 2318 1063 2364 δεδέχθαι..
1096 2318 1286 2357 ἳΩσαύτως
1313 2316 1351 2350 δὲ
1380 2315 1436 2349 καὶ
1464 2314 1522 2350 ἐπὶ.
1541 2320 1616 2349 τῶν
1634 2316 1752 2350 ἄλλων
1767 2315 1847 2362 ἔχει.

572 2418 601 2451 1.
641 2417 795 2447 univoce
838 2415 984 2447 BPPr.
1143 2416 1172 2445 2.
1213 2413 1393 2455 significat
1425 2426 1494 2456 pro
1522 2413 1753 2455 consequitur
1790 2414 1847 2446 l'r.

511 2478 543 2508 3.
571 2475 720 2507 alterum
747 2474 812 2506 sub
839 2485 902 2506 om.
928 2474 957 2504 B
974 2474 1001 2505 P
1019 2474 1076 2504 Pr.
1224 2475 1254 2505 6.
1282 2477 1435 2514 quatuor
1461 2485 1523 2505 om.
1550 2473 1590 2504 B.
1713 2473 1746 2503 8.
1771 2482 1850 2514 per-

512 2544 599 2566 sone
625 2534 666 2565 A.
790 2534 844 2564 12.
871 2535 997 2574 quarto
1024 2533 1065 2564 A.
1191 2535 1243 2563 est
1270 2543 1332 2564 om.
1360 2532 1388 2563 B
1407 2531 1548 2564 CPPr.
1674 2533 1726 2563 14.
1757 2534 1851 2563 esset

513 2593 539 2624 B
557 2592 583 2623 O
598 2592 626 2623 P
642 2592 702 2623 I'r.
801 2592 854 2623 15.
882 2591 1041 2622 crebrius
1069 2590 1096 2621 B
1115 2589 1140 2622 C
1157 2591 1183 2621 P
1199 2591 1257 2622 l‘r.
1358 2593 1411 2622 10.
1438 2591 1566 2622 beatus
1590 2589 1784 2632 Gregorius
1813 2588 1851 2621 C.

515 2652 567 2683 19.
596 2649 791 2682 secundum
822 2661 888 2688 pro
921 2652 1081 2681 sanetum
1118 2649 1261 2682 Bl‘l’r.
1362 2651 1415 2681 19.
1442 2651 1496 2682 20.
1522 2649 1681 2691 loquitur
1707 2648 1776 2681 ΟΡ
1792 2649 1849 2681 Pr.

514 2712 569 2741 20.
590 2709 681 2741 sicut
706 2709 762 2740 Pr.
840 2710 894 2741 24.
916 2707 1144 2750 corruptibile
1159 2720 1227 2749 pro
1247 2707 1438 2741 Aristotele
1458 2708 1497 2741 A.
1573 2708 1667 2750 quod
1694 2707 1852 2740 secunda

515 2768 730 2809 substancia,
747 2778 816 2809 que
832 2770 884 2799 cst
899 2778 961 2809 per
975 2778 1011 2799 sc
1028 2768 1053 2799 Ρ
1071 2767 1158 2799 idem
1177 2768 1230 2807 l'r,
1251 2768 1312 2799 ml
1333 2767 1491 2800 secunda
1505 2768 1667 2799 essencia
1681 2769 1852 2808 &elnensem

515 2833 545 2859 ct.
580 2839 667 2859 corr.
697 2839 755 2868 pr.
782 2838 825 2859 m.
853 2828 899 2858 in,
927 2838 1054 2868 wamy..-
1093 2828 1259 2857 concreta
1286 2826 1568 2858 substanciarum
1599 2825 1851 2866 secundarium

518 2886 802 2918 substanciarum
834 2886 1068 2917 secundarum
1098 2895 1328 2926 personarum
1358 2886 1391 2916 in
1420 2895 1548 2926 genere
1578 2886 1616 2916 A.
