2035 3359
222 176 273 212 68

246 302 323 326 Now
344 301 382 326 he
401 301 456 326 has

248 337 375 361 learned
396 337 462 362 that

965 185 1201 218 JOHANNIS
1226 185 1412 217 WICLIF.
1676 171 1778 230 [cm.
1800 184 1850 210 1v.

509 305 534 331 a
566 306 654 348 qua
687 291 939 334 subiectum
975 292 1119 348 capiat
1153 291 1428 348 quiditatem,
1454 297 1497 333 et
1530 296 1854 348 consequenter

211 373 284 397 such
299 379 418 404 powers
441 380 493 399 are
511 362 568 404 ad
602 361 721 403 illam
754 361 940 404 formam
968 361 1311 404 substancialem
1343 361 1481 403 habet
1513 360 1622 402 illud
1645 361 1852 403 accidens

224 407 422 432 instruments
443 408 476 433 of

276 443 327 468 the
348 443 425 468 soul.

257 1516 365 1541 Action
385 1516 445 1541 and

271 1551 433 1577 Sensation

224 1594 276 1612 are
298 1589 351 1612 not
370 1587 429 1612 due
449 1589 479 1612 to

275 1622 429 1655 heavenly

211 1657 379 1683 influences
406 1664 439 1683 or
459 1660 489 1683 to

272 1693 426 1725 ingrafted

212 1736 347 1761 powers,
376 1728 430 1754 but
459 1731 489 1754 to

236 1765 287 1789 the
308 1765 473 1789 immanem:

313 1800 391 1825 soul.

507 432 724 476 naturale.
773 431 884 475 Cum
933 448 1037 488 ergo
1083 439 1231 489 partes
1278 432 1452 475 abscise
1496 433 1749 475 vivencium
1799 447 1855 474 ex

507 512 633 562 parte
667 510 768 548 sunt
801 520 936 546 causa
970 503 1235 547 sensibiliter
1276 504 1447 546 moveri
1478 502 1684 558 vitaliter,
1717 508 1853 560 patet,

508 577 627 633 quod
661 576 1010 633 unumquodque
1045 591 1199 618 eorum
1235 582 1303 617 est
1342 574 1511 631 aliquid
1555 574 1725 617 habens
1770 575 1889 617 vir-5

505 653 647 689 tutem
679 647 734 688 ad
767 646 866 703 hoc,
902 652 945 688 et
967 645 1087 688 illam
1112 646 1380 703 quiditatem
1413 652 1575 688 vocant
1599 644 1854 703 philosophi

507 719 694 759 animam
730 718 823 760 sive
856 718 1014 771 vitam,
1048 717 1254 759 accidens
1288 723 1436 759 autem
1472 732 1570 759 cum
1604 717 1855 774 dependeat

508 787 810 831 essencialiter
844 804 868 829 a
893 788 1091 830 subiecto
1112 795 1154 830 et
1177 789 1324 845 ipsum
1361 788 1607 830 subiectum
1637 789 1852 830 essencia-

506 858 607 901 liter
638 858 694 901 ab
729 858 983 901 huiusmodi
1009 859 1238 914 quiditate,
1264 858 1518 915 dependeat
1548 859 1685 901 eciam
1708 859 1853 915 ipsum

506 930 562 973 ab
607 931 704 987 ipsa
750 930 986 987 quiditate:
1022 930 1122 972 ideo
1176 930 1353 972 videtur
1398 929 1516 986 apud
1562 928 1913 986 philosophos10

505 1003 844 1044 instrumentum
880 1002 1025 1043 anime
1059 1001 1114 1042 ad
1148 1001 1389 1057 agendum.
1422 1000 1522 1042 Non
1556 1002 1670 1043 enim
1703 1006 1854 1058 potest

505 1074 646 1116 virtus
679 1073 889 1115 sensitiva
923 1078 998 1114 aut
1032 1073 1289 1128 vegetativa
1329 1072 1457 1129 sequi
1488 1071 1677 1113 formam
1702 1086 1852 1128 quam·

507 1159 682 1201 cunque
705 1143 1020 1198 indifferenter,
1055 1143 1133 1185 sed
1160 1158 1211 1185 eo
1236 1144 1347 1200 ipso,
1383 1143 1502 1200 quod
1525 1143 1638 1185 inest
1670 1143 1853 1185 materie

505 1214 659 1269 forma,
691 1229 822 1271 quam
855 1215 1068 1271 sequitur,
1103 1220 1170 1257 est
1203 1215 1360 1269 anima,
1410 1215 1512 1270 quia
1544 1213 1670 1255 aliter
1702 1220 1855 1270 posset

505 1284 617 1343 lapis
652 1292 695 1328 et
727 1300 855 1328 omne
891 1299 1053 1342 corpus
1086 1285 1375 1327 inanimatum
1419 1285 1595 1339 sentire,
1628 1290 1677 1326 ut
1700 1299 1852 1327 conce·
1870 1296 1912 1327 15

509 1356 615 1398 dunt
637 1356 711 1413 hii,
747 1357 821 1412 qui
853 1354 1038 1412 fingunt,
1065 1355 1180 1412 quod
1206 1356 1395 1398 virtutes
1431 1355 1636 1397 sensitive
1670 1361 1854 1411 possunt

506 1442 589 1484 per
622 1443 669 1469 se
709 1442 820 1469 esse.

567 1497 750 1541 Certum
800 1513 905 1554 ergo
941 1503 1021 1554 est,
1069 1496 1190 1554 quod
1239 1497 1507 1552 substancia,
1543 1503 1591 1538 ut
1636 1496 1851 1554 disposita

508 1568 804 1626 disposicione
838 1567 1124 1611 substanciali
1159 1574 1201 1611 et
1233 1567 1539 1610 accidentibus
1574 1568 1664 1623 agit
1694 1567 1844 1610 huius-

506 1640 625 1683 modi
649 1641 868 1696 accioneS,
901 1646 950 1682 ut
973 1655 1133 1697 corpus
1156 1639 1243 1681 tale
1278 1639 1421 1693 sentit,
1456 1645 1498 1680 et
1530 1653 1616 1680 non
1651 1638 1844 1694 quiditas
1865 1650 1909 1681 20

504 1711 578 1755 vel
613 1711 819 1769 qualitas,
853 1711 938 1754 nisi
960 1711 1071 1753 forte
1097 1711 1327 1767 equivoce,
1363 1710 1466 1766 quia
1489 1716 1556 1752 est
1577 1709 1841 1767 principium

505 1782 576 1826 vel
617 1782 812 1825 medium
861 1781 1102 1824 senciendi.
1148 1780 1281 1823 Unde
1327 1786 1542 1837 ponentes
1586 1778 1841 1821 influencias

509 1852 594 1896 celi
637 1852 709 1897 vel
755 1854 942 1896 virtutes
986 1853 1140 1894 insitas
1187 1852 1362 1908 corpori
1395 1852 1488 1893 sive
1521 1850 1853 1908 proporcionali
1918 1863 1953 1896 A

515 1924 659 1967 forma
706 1922 997 1967 substanciali
1042 1923 1311 1980 principiare
1346 1921 1601 1963 huiusmodi
1645 1922 1926 1966 accionesfol.
1946 1935 1989 1966 50

513 1996 576 2038 sic
621 2011 768 2052 agere,
804 2002 853 2037 ut
898 1996 1206 2052 experimenta
1237 1999 1466 2045 testantur,
1517 1993 1718 2035 dicerent
1751 2007 1909 2037 con-25

509 2073 760 2124 sequenter,
802 2066 920 2124 quod
965 2065 1085 2108 nulla
1129 2065 1276 2107 anima
1320 2064 1568 2106 sublunaris
1609 2062 1682 2106 vel
1713 2063 1854 2105 forma

514 2137 825 2180 substancialis
860 2139 915 2179 sit
937 2137 1204 2194 principium
1229 2136 1435 2186 accionis,
1471 2141 1514 2176 et
1545 2141 1649 2176 tunc
1672 2134 1853 2176 indubie

506 2223 587 2251 nec
619 2208 765 2251 forma
787 2207 1090 2264 accidentalis,
1116 2208 1219 2264 quia
1253 2207 1285 2249 si
1312 2207 1506 2264 quiditas
1529 2221 1616 2248 non
1641 2206 1695 2247 sit
1720 2220 1854 2247 causa

507 2280 682 2335 agendi,
707 2278 995 2335 multomagis
1019 2293 1102 2321 nec
1126 2277 1333 2335 qualitas.
1367 2277 1498 2319 Patet
1521 2293 1576 2319 ex
1599 2276 1697 2331 hoc,
1732 2275 1852 2333 quod

571 2437 602 2466 1.
629 2437 664 2466 et
689 2434 870 2466 communi
895 2434 935 2465 P.
1033 2434 1064 2465 5.
1093 2432 1207 2464 estad
1228 2432 1365 2464 habens
1384 2432 1423 2463 A.
1522 2433 1552 2463 6.
1580 2430 1625 2462 ad
1650 2430 1717 2462 hec
1741 2430 1782 2470 B,
1809 2429 1853 2462 ad

510 2493 581 2524 huc
607 2493 664 2524 Pr.
783 2495 813 2524 7.
841 2492 1066 2534 dependebat
1098 2491 1136 2523 C.
1250 2493 1280 2523 8.
1309 2500 1330 2522 a
1356 2491 1515 2522 subiecto
1544 2509 1583 2512 -—
1613 2489 1855 2521 essencialiter

510 2563 577 2584 om.
604 2552 643 2584 B.
759 2553 813 2583 10.
841 2551 1016 2593 dependet
1036 2555 1117 2592 post
1156 2549 1330 2592 quiditate
1356 2549 1440 2581 add.
1469 2548 1507 2589 C,
1534 2548 1613 2580 ideo
1640 2550 1788 2579 vacatur
1815 2546 1853 2580 C.

514 2613 567 2643 11.
595 2610 675 2641 Non
702 2613 821 2642 autem
847 2610 888 2641 B.
973 2610 1026 2641 12.
1056 2610 1108 2641 13.
1138 2611 1380 2651 quantumque
1407 2608 1555 2639 formam
1582 2607 1638 2638 Pr.
1721 2607 1774 2638 13.
1802 2609 1854 2638 est

508 2680 575 2710 pro
602 2670 695 2700 inest
720 2669 760 2710 P,
787 2679 882 2701 mere
909 2669 964 2701 Pr.
1034 2670 1085 2700 16.
1114 2667 1165 2699 illi
1194 2667 1232 2699 C.
1312 2669 1503 2709 potuerunt
1520 2666 1560 2708 P,
1586 2665 1853 2707 poterintAPr.

512 2729 563 2760 18.
591 2731 629 2760 ut
654 2740 718 2760 om.
751 2728 790 2759 B.
918 2729 972 2760 23.
1000 2727 1067 2759 celi
1094 2738 1156 2758 om.
1183 2727 1241 2768 Pr,
1273 2726 1330 2758 vel
1367 2730 1396 2759 et
1426 2724 1686 2767 proporcionali
1724 2735 1786 2756 om.
1814 2724 1853 2755 P.

509 2788 563 2818 ⁶24.
592 2787 829 2829 principiante
855 2786 894 2827 A,
911 2786 939 2818 B
955 2786 994 2828 P,
1021 2786 1225 2828 principiari
1252 2785 1308 2823 Pr,
1341 2785 1446 2816 huius
1471 2783 1512 2815 A.
1591 2785 1644 2815 25.
1672 2783 1723 2814 sic
1749 2793 1853 2824 agere

508 2846 622 2878 omss.
652 2847 702 2877 sic
728 2858 788 2877 om.
818 2847 856 2877 P.
956 2848 1010 2878 ⁶25.
1037 2847 1091 2876 ΞΓ).
1121 2847 1379 2885 consequenter
1406 2849 1435 2876 et
1461 2843 1580 2875 anima
1604 2853 1667 2874 om.
1693 2842 1733 2874 P.
