2035 3359
213 210 223 243 1
243 208 291 244 16
896 199 1137 235 JOHANle
1163 201 1348 235 chLlF.
1655 215 1738 241 OAP.
1760 216 1827 243 vn.

207 321 593 401 b2?1}g⁰‘}th{{¹3{{t⁰ius
627 336 736 376 esse,
772 336 902 378 quam
947 321 1223 378 suppositum
1256 322 1420 379 speciei
1451 320 1643 364 humane
1676 337 1832 365 secun-

206 405 239 430 0f
254 387 340 465 “⁸:³¹5
362 411 485 464 gssume
502 392 606 434 dum
637 390 756 435 illam
779 392 987 449 speciem,
1010 407 1093 434 neo
1114 398 1261 449 potest
1283 391 1367 434 sibi
1399 407 1628 435 assumere
1663 408 1835 452 corpus,

283 448 301 465 a
343 447 359 465 ⁰
383 447 412 474 γ’
502 479 600 506 eum
630 463 762 505 fuerit
793 469 1036 521 separatus.
1084 462 1172 505 Sed
1218 478 1345 506 secus
1389 470 1455 506 est
1489 463 1543 506 de
1575 463 1714 507 verbo
1749 465 1834 521 dei,

502 536 622 594 quod
667 540 733 577 est
775 540 932 576 natura
972 534 1169 576 increata
1214 541 1257 576 et
1299 549 1380 591 per
1425 549 1701 592 consequens
1747 549 1836 577 non

502 608 660 650 affecta
682 608 794 649 uniri
809 608 1005 664 eorpori3
1023 606 1225 664 quamvis
1250 606 1364 647 enim
1389 605 1529 648 deitas
1555 606 1610 648 sit
1631 621 1837 662 persona,
1854 622 1873 652 5

504 693 589 736 que
623 684 688 720 est
720 678 877 733 anima,
910 693 999 720 non
1021 684 1168 720 tamen
1194 682 1259 719 est
1288 675 1538 719 humanitas
1571 675 1643 720 vel
1675 677 1836 734 anima,

503 749 580 791 sed
626 749 681 790 ad
727 749 922 806 eorporis
967 748 1309 805 disposicionem
1345 753 1467 790 creat
1499 748 1704 802 animam,
1739 763 1839 790 cum

503 822 558 863 sit
601 835 735 877 supra
786 835 914 862 omne
963 835 1101 875 genus
1153 818 1225 861 vel
1281 819 1473 876 speciem
1527 825 1700 862 creator
1751 834 1839 861 om-

502 893 633 934 nium.
688 890 747 932 Et
778 891 915 933 tercio
950 889 1087 932 habet
1118 894 1385 946 potestatem
1419 889 1613 946 ponendi
1648 890 1839 932 animam

504 968 546 1004 et
578 963 737 1004 iterum
770 961 972 1004 sumendi
1014 977 1121 1011 eam,
1168 960 1360 1003 uniendo
1402 975 1499 1003 eam
1546 961 1721 1019 corpori
1762 976 1841 1018 per
1857 975 1900 1007 10

505 1049 551 1075 se
575 1039 618 1075 et
640 1031 954 1089 principaliter,
1000 1031 1176 1089 quando
1200 1031 1359 1089 placet,
1383 1037 1431 1073 ut
1459 1037 1648 1074 testatur
1681 1031 1838 1074 eadem

505 1103 668 1145 veritas
701 1102 804 1145 Joh.
843 1105 908 1145 10.
942 1102 1257 1157 ‘Potestatem',
1290 1102 1432 1159 inquit
1455 1102 1613 1145 ‘habeo
1647 1103 1841 1160 ponendi

506 1174 696 1217 animam
729 1189 872 1216 meam
907 1180 950 1216 et
980 1176 1140 1216 iterum
1174 1173 1380 1216 sumendi
1414 1172 1541 1216 eam’.

228 1256 474 1319 ᾙἙξὲειῖἓτῗξξὲθ
566 1244 847 1288 Conveniunt
885 1251 1031 1287 autem
1070 1246 1114 1286 in
1152 1245 1237 1287 hiis
1275 1244 1435 1287 tribus:
1475 1244 1623 1287 Primo
1662 1245 1706 1286 in
1745 1243 1842 1300 hoc,

212 1317 625 1389 Ilnpbogffis-casesquod
671 1332 726 1359 ex
769 1318 930 1358 unione
972 1315 1042 1359 vel
1080 1315 1506 1373 ydemptifioaoione‚
1543 1331 1674 1373 quam
1715 1321 1903 1361 vocat15

225 1399 480 1461 idzhstiffiigizviizh
505 1385 781 1443 Augustinus
827 1387 1078 1442 mixturam,
1123 1386 1172 1427 fit
1216 1385 1453 1443 utrobique
1502 1387 1681 1444 spiritus
1725 1385 1844 1429 idem

213 1469 492 1538 Eggzhssgtglatffid
507 1457 796 1515 personaliter
830 1472 930 1500 eum
977 1472 1167 1513 corpore
1200 1463 1243 1499 et
1288 1459 1445 1511 anima,
1482 1463 1525 1499 et
1558 1473 1657 1499 cum
1689 1464 1847 1500 natura

507 1535 678 1586 mtegra
710 1544 762 1570 ao
796 1528 977 1584 singulis
1000 1522 1266 1582 earundem,
1320 1533 1368 1570 ut
1418 1533 1540 1585 patet
1583 1544 1664 1585 per
1693 1527 1844 1585 Augu-

213 1602 667 1673 llnffthssngffiittoisstinum
693 1598 792 1656 Om,
818 1603 871 1640 47
900 1614 1033 1656 super
1055 1598 1157 1642 Joh.
1191 1601 1267 1642 4t0.
1302 1598 1506 1641 Secundo
1530 1600 1573 1641 in
1597 1599 1694 1654 hoo,
1729 1599 1847 1656 quod

215 1670 582 1744 msslssr÷{?d{uss⁸asss¹e
616 1677 789 1714 oreatus
823 1670 1003 1727 spiritus
1047 1685 1136 1712 non
1169 1669 1397 1726 componit
1430 1685 1528 1711 eum
1562 1685 1748 1726 corpore
1782 1685 1846 1712 se·
1862 1683 1906 1715 20

359 1738 366 1752 ,

310 1753 404 1779 alive·
510 1742 702 1784 cundum
736 1757 833 1784 esse
867 1743 959 1784 eius
992 1743 1198 1797 primum,
1240 1741 1316 1782 sed
1351 1740 1596 1783 secundum
1630 1741 1750 1799 quod
1783 1746 1850 1783 est

510 1819 634 1856 aetus
667 1813 837 1870 primus
862 1813 1111 1869 compositi,
1136 1827 1222 1868 que
1247 1817 1313 1854 est
1335 1811 1550 1855 animaoio
1585 1810 1847 1868 corporalis:

510 1884 655 1939 Unde,
698 1885 810 1926 sieut
853 1883 1040 1926 verbum
1082 1898 1171 1926 non
1215 1888 1364 1939 potest
1410 1897 1634 1926 assumere
1687 1897 1848 1939 eorpus

510 1954 767 2008 humanum,
813 1955 896 1996 nisi
941 1970 1023 2012 per
1068 1954 1272 2008 animam,
1319 1954 1381 1995 sio
1425 1968 1507 1995 neo
1550 1952 1624 1996 ille
1669 1954 1849 2010 spiritus

510 2027 593 2068 nisi
625 2026 868 2069 seeundum
892 2026 1211 2068 animaoionem
1234 2030 1382 2082 potest
1406 2026 1581 2082 corpori
1602 2025 1850 2082 ypostatiee
1865 2037 1908 2069 25

262 2108 308 2134 111
328 2108 370 2133 As
390 2108 442 2134 the
513 2095 723 2154 copulari.
788 2097 846 2138 Et
901 2096 1053 2151 tercio,
1102 2098 1213 2139 sieut
1271 2096 1459 2139 verbum
1514 2096 1747 2138 minoravit
1803 2110 1850 2138 se

228 2144 322 2169 VVord
342 2143 368 2169 is
388 2144 478 2169 made

228 2179 482 2240 Ἥξῖἕὲοὶέγξὲε
510 2170 668 2224 ipsum,
703 2168 766 2210 sio
799 2168 975 2223 spiritus
1009 2167 1253 2209 minoratur
1285 2167 1633 2224 quodammodo,
1669 2166 1846 2223 quando

405 2234 411 2247 ‚

246 2250 459 2319 bythiffssggriign
511 2238 560 2281 fit
591 2254 765 2294 corpus,
801 2239 944 2279 anima
969 2244 1012 2279 et
1033 2244 1191 2280 natura
1214 2238 1472 2294 composita,
1507 2253 1608 2279 oum
1640 2243 1730 2280 tam
1763 2236 1850 2279 ani-

217 2321 288 2346 with
314 2321 365 2382 thto
392 2321 496 2356 bodily
511 2311 649 2351 maoio
692 2324 824 2366 quam
865 2315 1021 2350 natura
1064 2323 1282 2365 corporea
1319 2309 1375 2350 sit
1414 2309 1557 2351 minor
1588 2307 1661 2350 illo
1696 2308 1851 2364 spiritu

298 2363 338 2381 na
352 2363 417 2382 Μ’
512 2379 755 2423 seeundum
787 2382 938 2436 vitam,
974 2386 1017 2422 et
1041 2379 1287 2423 secundum
1310 2380 1509 2423 veritatis
1534 2394 1691 2422 vocem
1723 2384 1851 2435 pater
1865 2392 1910 2423 30

514 2457 581 2493 est
624 2452 763 2493 maior
797 2449 956 2506 Cristo,
999 2466 1096 2493 oum
1144 2452 1198 2493 sit
1231 2450 1481 2493 omnimode
1523 2449 1691 2506 equalis
1722 2450 1850 2506 patri.

701 2535 754 2565 12.
781 2533 837 2566 Jo.
863 2535 925 2576 10,
956 2535 1016 2566 18.
1147 2535 1199 2566 16.
1233 2532 1287 2575 Os.
1317 2545 1430 2575 supra
1452 2544 1535 2576 pay.
1561 2534 1630 2565 104
1662 2532 1723 2565 lin.
1767 2534 1852 2564 833.

608 2594 660 2624 19.
688 2592 778 2634 Aug.
805 2595 904 2624 tract.
938 2593 972 2623 in
1011 2592 1077 2626 Ev.
1110 2593 1261 2624 ,Ioannis
1298 2592 1434 2624 XLVII
1472 2594 1491 2624 9
1538 2592 1672 2634 (Mifflze
1709 2590 1858 2623 XXXV

606 2652 727 2691 1837).
756 2653 811 2683 31.
838 2651 890 2683 Jo.
918 2654 972 2692 14,
1002 2652 1067 2692 ss,-
1093 2654 1127 2692 5,
1154 2653 1210 2693 183
1243 2654 1288 2682 19.

608 2714 635 2741 1,
654 2720 731 2742 csse
742 2721 811 2751 pro
826 2710 957 2752 speciei
972 2710 1010 2741 P.
1087 2711 1118 2743 5.
1132 2711 1203 2741 vivi
1220 2710 1260 2749 B,
1274 2711 1379 2741 unius
1394 2710 1432 2741 P.
1497 2709 1588 2741 enim
1603 2720 1665 2741 om.
1682 2708 1709 2739 B
1720 2707 1746 2740 C
1757 2708 1785 2739 P
1797 2708 1852 2739 Pr.

514 2771 565 2801 11.
581 2771 621 2799 ut
634 2771 737 2800 testar
751 2794 759 2801 .
859 2770 912 2800 16.
939 2773 1089 2811 uterque
1103 2769 1196 2800 idem
1212 2769 1241 2801 A
1255 2769 1283 2800 B
1301 2768 1327 2800 G
1343 2768 1370 2799 P
1386 2768 1443 2800 Pr.
1473 2769 1526 2800 19.
1554 2770 1574 2799 4
1600 2778 1705 2810 super
1732 2777 1794 2798 om.
1813 2766 1853 2798 A.

510 2829 563 2860 24*
592 2830 708 2871 potest
734 2833 813 2860 ante
840 2828 908 2860 nisi
934 2828 973 2859 P.
1072 2828 1127 2860 27.
1155 2828 1298 2869 spiritus
1325 2838 1388 2859 om.
1415 2826 1456 2858 A.
1555 2827 1608 2858 31.
1631 2829 1712 2867 post
1738 2824 1852 2856 Cristo

510 2886 593 2919 add.
621 2890 654 2919 et
680 2887 1001 2929 coi-respondent&
1027 2887 1105 2928 ipsa
1132 2887 1261 2918 veritas
1289 2890 1342 2918 est
1368 2886 1480 2918 maior
1507 2884 1621 2916 Cristo
1650 2884 1789 2916 CPPr.
