2035 3359
217 236 301 263 CAP.
323 234 389 260 vn.
529 222 595 253 DE
623 222 987 256 COMPOSICIONE
1013 222 1227 255 HOMlNIS.

205 342 405 384 omnibus
427 340 511 382 illis
533 341 775 383 secundum
793 356 839 383 se
861 346 977 383 totas
1002 339 1331 396 quiescentibus
1355 339 1536 394 spiritus

204 411 277 452 ille
310 410 537 468 copuletur
559 411 810 453 successive
832 425 987 453 versus
1012 410 1209 464 Romam,
1245 423 1377 464 quam
1409 408 1535 449 attin·

205 482 268 536 git
297 481 339 522 in
371 480 457 522 fine
488 478 604 522 illius
636 479 747 522 hore
779 480 996 523 actuando
1021 494 1180 535 corpus
1215 478 1432 526 continue,
1468 479 1539 520 cui

205 550 407 593 localiter
440 549 686 606 copulatur.
731 549 856 591 Tunc
889 551 1088 605 arguitur
1120 550 1196 591 sic.
1257 547 1538 604 Impossibile

169 626 278 665 best
308 634 542 676 personam
590 619 780 662 hominis
824 621 1054 676 acquirere
1098 621 1227 661 situm
1270 616 1538 660 immobilem

207 691 289 732 nisi
328 705 411 746 per
454 696 621 732 motum
665 688 853 732 localem
896 689 1121 747 proprium
1165 688 1236 730 vel
1280 687 1538 743 multiplica·

214 761 398 802 cionem.
432 759 518 801 Sed
543 774 735 815 persona
756 758 881 802 Pauli
905 760 1153 815 acquireret
1185 756 1401 814 quotlibet
1432 758 1539 800 situs

215 828 465 872 huiusmodi
497 844 652 872 versus
684 829 882 885 Romam,
928 843 1033 885 ergo
1066 827 1202 871 altero
1235 828 1418 870 istorum
1449 843 1538 870 mo-

208 900 387 954 dorum,
421 913 507 941 non
538 899 682 956 primo
715 900 861 953 modo,
908 913 1008 941 cum
1059 913 1186 941 omne
1220 913 1381 956 corpus
1415 897 1538 940 Pauli

146 981 189 1012 10
206 968 401 1011 manebit
444 984 524 1026 per
567 975 709 1012 totum
752 969 890 1011 fixum
936 970 979 1010 in
1012 969 1167 1011 eodem
1202 969 1286 1010 situ
1319 968 1536 1011 continue.

205 1038 348 1080 Maior
378 1044 501 1095 patet
532 1052 597 1094 eo,
633 1039 752 1095 quod
785 1039 840 1081 ad
873 1040 1004 1082 situm
1037 1045 1087 1081 ut
1116 1053 1197 1096 per
1229 1053 1276 1081 se
1308 1038 1538 1081 materiam

206 1115 272 1150 est
302 1114 448 1151 motus
479 1107 649 1151 localis.
712 1108 772 1150 Et
814 1111 955 1151 minor
985 1115 1109 1166 patet
1141 1124 1196 1150 ex
1229 1109 1537 1165 supposicione

204 1185 247 1221 et
278 1193 399 1221 casu.
461 1178 574 1221 Nam
623 1193 723 1221 cum
768 1177 889 1221 nulla
930 1180 1114 1221 materia
1158 1179 1211 1220 sit
1255 1178 1310 1220 de
1343 1179 1539 1220 essencia

203 1248 403 1302 hominis,
437 1249 638 1304 sequitur
661 1263 718 1290 ex
741 1255 979 1305 assumpto,
1005 1249 1121 1305 quod
1145 1247 1308 1290 Paulus
1342 1247 1538 1289 manebit

144 1330 187 1360 15
203 1319 407 1360 continue
450 1317 704 1360 accelerans
748 1333 901 1360 versus
944 1317 1149 1372 Romam3
1194 1324 1238 1359 et
1269 1333 1367 1360 cum
1402 1318 1538 1359 omnis

203 1394 345 1431 motus
376 1389 597 1445 pertinens
645 1403 732 1445 quo
779 1391 841 1431 sic
872 1388 1125 1432 movebitur
1156 1389 1211 1430 sit
1243 1395 1285 1430 et
1317 1390 1399 1431 erit
1429 1387 1534 1431 mul-

201 1457 436 1514 tiplicacio‚
470 1460 679 1514 sequitur,
715 1458 834 1515 quod
869 1457 1235 1514 multiplicabitur
1265 1473 1419 1501 versus
1451 1458 1536 1500 Ro-

200 1543 329 1582 mam,
375 1535 430 1582 et,
478 1528 596 1584 quod
654 1527 772 1578 solus
829 1529 1006 1585 spiritus
1052 1529 1114 1570 sic
1156 1526 1535 1585 multiplicabitur,

203 1598 411 1654 sequitur,
446 1598 564 1654 quod
596 1598 760 1641 Paulus
792 1600 847 1641 sit
878 1599 1057 1654 spiritus
1089 1605 1246 1641 motus.
1288 1599 1386 1641 Non
1421 1601 1531 1641 enim

143 1670 283 1710 20iste
327 1668 504 1724 spiritus
551 1674 698 1725 potest
745 1669 830 1711 dici
887 1667 1002 1710 mole
1047 1683 1244 1724 magnus,
1291 1669 1393 1726 quia
1435 1676 1537 1711 tunc

204 1737 387 1780 haberet
408 1752 488 1793 per
510 1739 641 1780 situm
664 1737 912 1781 subiectum
934 1739 1123 1796 primum
1148 1746 1392 1791 extensum,
1413 1741 1535 1782 cuius

205 1809 461 1864 oppositum
494 1809 768 1866 supponitur.
821 1808 915 1850 Nec
947 1807 1067 1851 valet
1100 1809 1261 1863 dicere,
1295 1808 1413 1864 quod
1446 1815 1533 1851 tam

205 1876 368 1920 Paulus
401 1893 533 1934 quam
564 1878 638 1920 ille
671 1879 850 1935 spiritus
891 1878 954 1920 sic
993 1885 1212 1933 movetur,
1248 1880 1425 1935 spiritus
1459 1895 1538 1936 per

207 1963 254 1988 se
289 1954 332 1990 et
373 1947 537 1990 Paulus
583 1948 882 2004 synodochice
927 1948 1169 1991 secundum
1215 1955 1402 2005 partem,
1436 1950 1538 2006 quia

145 2027 189 2059 25
204 2024 343 2060 totum
364 2032 451 2059 non
481 2024 629 2075 potest
651 2018 922 2061 denominari
944 2017 1291 2072 accidentaliter,
1313 2019 1395 2060 nisi
1418 2019 1535 2076 quod

205 2094 353 2144 potest
383 2089 427 2130 in
460 2103 555 2130 esse
591 2088 675 2130 sibi
698 2088 943 2130 secundum
968 2087 1084 2145 quod
1116 2087 1260 2130 homo.
1295 2087 1381 2130 Sed
1415 2089 1538 2131 iuxta

202 2157 316 2199 hanc
349 2158 618 2214 posicionem
666 2164 884 2215 repugnat
921 2157 1087 2200 homini
1124 2157 1406 2214 multiplicari
1439 2173 1535 2200 cum

202 2244 281 2284 per
312 2244 359 2271 se
404 2230 459 2270 sit
502 2243 677 2285 corpus,
722 2243 827 2284 ergo
873 2229 1017 2270 anima
1059 2242 1145 2270 non
1190 2227 1351 2269 sufficit
1392 2229 1534 2284 ipsum

204 2298 486 2341 denominare
531 2314 628 2341 esse
672 2296 981 2340 indivisibilem
1039 2312 1125 2355 quo
1173 2297 1226 2339 ad
1274 2297 1447 2351 molem,
1494 2306 1537 2340 et

144 2377 187 2408 30
203 2369 356 2424 eciam,
391 2368 645 2425 ubicunque
679 2374 745 2410 est
768 2367 841 2410 ille
862 2368 1054 2424 spiritus.
1087 2367 1216 2409 Patet
1238 2368 1382 2423 igitur,
1418 2368 1535 2425 quod

202 2444 342 2480 totum
386 2453 471 2480 non
514 2444 716 2481 movetur
760 2438 814 2479 ad
859 2437 1104 2479 mocionem
1150 2452 1227 2479 sue
1274 2438 1410 2493 partis
1453 2439 1535 2479 nisi

202 2523 303 2564 pars
336 2514 567 2551 moveatur
613 2509 761 2565 specie
804 2514 960 2562 motus,
996 2522 1083 2564 qua
1114 2513 1254 2550 totum
1287 2514 1437 2550 natum
1470 2514 1536 2550 est

202 2578 384 2619 moveri.
419 2576 529 2620 Cum
562 2578 694 2633 igitur
716 2577 879 2620 Paulus
897 2577 1032 2619 habet
1063 2592 1144 2633 per
1164 2583 1306 2619 totum
1339 2578 1531 2634 quietem

296 2696 328 2727 3.
354 2705 477 2726 versus
504 2693 610 2726 finem
635 2694 675 2725 A.
750 2695 781 2726 5.
807 2693 975 2726 inmolem
998 2713 1040 2717 ——
1059 2697 1157 2726 motu
1182 2694 1224 2726 A.
1299 2695 1330 2727 6.
1359 2696 1389 2726 7.
1417 2694 1533 2726 multi-

200 2751 369 2793 plicatam
396 2751 434 2786 C.
533 2755 564 2785 8.
593 2751 697 2784 huius
723 2750 802 2797 (om.
829 2752 938 2795 modi)
967 2752 1006 2787 C.
1031 2753 1071 2785 P.
1171 2754 1226 2785 16.
1254 2756 1288 2785 et
1313 2753 1364 2784 sic
1383 2764 1456 2794 pro
1481 2754 1534 2785 sic

203 2814 237 2842 et
262 2811 328 2842 erit
353 2813 392 2844 A.
507 2812 561 2845 18.
588 2822 668 2843 cum
690 2823 759 2853 pro
785 2811 881 2855 quod
908 2812 947 2843 B.
1056 2813 1111 2844 21.
1144 2812 1256 2854 primo
1300 2814 1448 2843 extensu
1493 2811 1534 2843 B.

204 2869 258 2900 30.
289 2870 402 2901 eciam
429 2880 492 2902 om.
522 2869 549 2900 B
567 2868 666 2900 CPr.
765 2872 820 2902 31.
850 2880 913 2902 sue
940 2881 1003 2902 om.
1030 2870 1058 2901 B
1075 2869 1217 2901 OPPr.

1345 2928 1394 2960 94?

1748 226 1824 263 131
