2035 3359
183 233 266 259 CAP.
288 234 353 259 VII.
497 222 563 253 DE
592 221 954 254 COMPOSICIONE
979 221 1193 254 HOMINIS.

184 338 433 381 huiusmodi
477 343 599 380 aetus
643 337 910 394 personales,
955 337 1058 379 lieet
1104 338 1158 378 sit
1204 352 1391 393 persona
1438 336 1508 378 vel

185 409 393 462 esseneia,
429 423 513 464 que
545 409 607 449 sie
632 407 754 461 faeit3
797 413 846 450 ut
888 413 1044 449 natura
1076 407 1222 448 divina
1253 422 1338 449 non
1372 407 1510 462 gignit

183 493 263 521 nee
295 478 499 533 gignitur,
532 476 636 519 lieet
668 478 722 518 sit
755 478 1031 533 suppositum
1065 477 1127 518 sio
1161 492 1206 518 se
1238 476 1419 518 habens.

242 546 330 589 Sed
350 546 532 588 ulterius
554 547 728 588 videtur
749 546 1095 598 eoncedendum,
1124 546 1243 602 quod
1263 548 1372 588 siout
1392 545 1506 586 filius

148 617 253 661 5dei
276 622 340 659 est
363 616 546 657 duarum
569 622 821 658 naturarum
854 623 1051 672 utraque,
1086 616 1147 657 sio
1184 621 1248 656 est
1280 614 1508 657 divisibilis

184 694 227 729 et
258 686 550 740 indivisibilis,
573 686 770 728 mortalis
804 692 847 727 et
868 685 1126 727 immortalis
1160 691 1201 726 et
1233 685 1294 726 ita
1327 685 1380 726 de
1413 684 1507 726 aliis

184 757 396 813 oppositis
439 757 634 812 privatis,
681 771 766 812 que
811 756 1051 798 seeundum
1099 761 1276 796 naturas
1310 755 1508 810 dispares

185 826 267 868 sibi
299 827 456 867 insunt.
498 825 591 867 Neo
625 826 835 881 sequitur,
881 826 964 867 ista
996 839 1186 880 persona
1219 831 1284 866 est
1314 824 1507 866 indivisi-

182 896 295 950 bilis,
341 910 443 950 ergo
488 910 576 938 non
609 901 674 936 est
719 894 959 949 divisibilis,
1006 894 1083 936 sed
1128 895 1230 936 satis
1278 901 1356 950 est,
1390 895 1507 951 quod

125 978 167 1009 10
182 981 267 1008 non
315 972 380 1008 est
425 964 652 1007 divisibilis
704 966 946 1008 seeundum
997 972 1211 1019 naturam,
1266 967 1508 1008 seeundum

185 1051 314 1093 quam
351 1043 416 1078 est
436 1035 727 1078 indivisibilis.
751 1036 874 1078 Talia
896 1040 1009 1079 enim
1034 1036 1236 1094 opposita
1259 1050 1345 1077 non
1360 1037 1509 1078 insunt

185 1107 326 1149 eidem
350 1105 591 1149 seeundum
613 1106 744 1160 idem,
769 1107 846 1148 sed
869 1107 1111 1149 seeundum
1135 1106 1331 1148 diversas
1366 1121 1507 1148 essen-

184 1177 285 1219 eias.
338 1176 396 1218 Et
428 1191 563 1232 quare
595 1191 682 1218 non
725 1177 1027 1219 conceduntur
1057 1176 1161 1219 talia
1196 1177 1250 1218 de
1282 1176 1433 1218 bestiis
1466 1183 1508 1218 et

183 1246 277 1288 aliis
310 1246 585 1302 corporibus,
619 1260 718 1302 que,
762 1245 867 1288 lieet
911 1252 1011 1288 sunt
1055 1246 1227 1289 diverse
1260 1253 1413 1287 nature
1446 1247 1507 1287 in-

126 1315 416 1372 15eomplete,
461 1330 547 1357 non
590 1322 737 1357 tamen
792 1322 892 1358 sunt
942 1316 1113 1358 diverse
1165 1317 1371 1370 esseneie,
1424 1331 1509 1372 que

184 1391 366 1442 possunt
409 1401 460 1428 ao
502 1387 689 1428 invicem
735 1386 944 1442 separari,
990 1386 1088 1428 ideo
1136 1387 1177 1426 in
1209 1385 1293 1427 illis
1325 1401 1411 1427 non
1444 1393 1511 1428 est

183 1457 284 1498 unio
317 1455 578 1512 personalis;
623 1456 741 1498 unde
788 1456 915 1498 istam
959 1455 1134 1510 loycam
1180 1456 1309 1497 docet
1349 1457 1509 1497 veritas

185 1526 309 1568 Luce
330 1525 481 1568 ultimo
505 1527 565 1568 ita
588 1526 757 1568 dicens:
793 1525 992 1582 ‘Palpate
1025 1532 1067 1567 et
1099 1526 1265 1567 videte!
1303 1527 1509 1582 quoniam

185 1597 362 1652 spiritus
395 1611 572 1638 earnem
606 1603 647 1637 et
675 1612 774 1638 ossa
804 1611 891 1638 non
924 1596 1071 1650 habet,
1108 1596 1222 1637 sieut
1249 1611 1319 1637 me
1350 1596 1510 1638 videtis

125 1664 380 1709 2ohabere'.
421 1665 552 1720 Eece,
597 1666 716 1723 quod
761 1666 965 1708 coneedit
1008 1682 1054 1708 se
1100 1681 1195 1707 esse
1230 1680 1436 1708 carneum
1469 1673 1512 1708 et

184 1751 357 1777 osseum
390 1742 433 1778 et
463 1751 543 1792 per
575 1751 846 1792 consequens
893 1752 989 1779 esse
1030 1751 1291 1792 corporeum
1326 1752 1422 1778 eum
1455 1738 1510 1778 sit

184 1805 343 1847 animal
375 1812 418 1847 et
451 1820 624 1862 corpus.
658 1806 717 1847 Et
738 1812 885 1848 tamen
906 1806 1008 1848 Joh.
1036 1810 1081 1846 4⁰
1114 1807 1232 1861 dicit,
1259 1807 1375 1863 quod
1399 1807 1507 1849 deus

184 1876 361 1931 spiritus
394 1882 472 1930 est,
507 1882 550 1917 et
580 1875 681 1918 Joh.
719 1879 809 1930 100,
855 1876 973 1932 quod
1012 1877 1106 1933 ipse
1147 1883 1189 1918 et
1220 1884 1347 1932 pater
1377 1892 1511 1918 unum

183 1951 296 1987 sunt.
343 1944 561 1987 Concedit
606 1961 652 1987 se
696 1960 792 1987 esse
837 1960 1084 2001 personam,
1133 1961 1217 2002 que
1261 1953 1325 1988 est
1356 1953 1511 1989 natura

124 2027 167 2057 25
183 2029 393 2072 corporea
449 2015 553 2072 quia
606 2014 849 2057 seeundum
907 2021 1107 2057 naturam
1167 2015 1414 2068 humanam,
1469 2023 1512 2058 et

184 2085 384 2141 spiritum
430 2086 503 2141 qui
548 2099 635 2126 non
677 2091 820 2141 potest
865 2084 1032 2126 habere
1072 2100 1247 2127 earnem
1291 2086 1361 2128 vel
1395 2101 1510 2142 ossa,

184 2160 227 2196 et
258 2161 392 2210 patet,
427 2154 546 2211 quod
571 2154 739 2197 Cristus
772 2153 845 2196 vel
867 2160 1034 2196 taceret
1065 2154 1135 2197 vel
1166 2162 1348 2210 negaret
1379 2156 1511 2198 talem

184 2226 428 2280 arguoiam:
463 2224 630 2267 Cristus
660 2240 836 2266 earnem
870 2231 913 2266 et
946 2240 1044 2267 ossa
1066 2225 1211 2279 habet,
1247 2232 1288 2267 et
1319 2227 1413 2282 ipse
1447 2233 1512 2269 est

181 2302 338 2335 natura
391 2295 551 2348 divina,
619 2310 724 2350 ergo
770 2301 925 2336 natura
972 2296 1120 2337 divina
1158 2295 1291 2337 habet
1330 2311 1429 2338 ossa
1468 2303 1512 2338 et

123 2375 167 2406 30
183 2379 373 2406 carnem.
412 2364 542 2406 Unde
567 2364 862 2420 significanter
886 2365 1003 2420 dicit,
1028 2366 1144 2420 quod
1168 2365 1311 2407 nullus
1335 2366 1511 2422 spiritus

370 2494 423 2526 18.
454 2493 540 2524 Luc.
567 2494 622 2533 24,
649 2495 695 2524 5³9
730 2493 824 2535 Vzclss.
852 2494 956 2534 ‘quia’
979 2505 1047 2534 pro
1072 2494 1269 2536 ζρηοηῖαηιῖ
1383 2496 1437 2526 22.
1456 2493 1510 2527 ιῙο.

276 2553 308 2593 4,
337 2552 383 2583 24
407 2552 576 2592 ‘Spiritus
602 2556 650 2583 esc
675 2551 798 2583 Dea-5³.
930 2553 985 2586 23.
1014 2551 1067 2584 ιῘο.
1093 2553 1149 2592 10,
1174 2554 1219 2584 30
1245 2553 1330 2595 ίΕρο
1356 2558 1386 2585 ec
1409 2558 1512 2594 pace?-

277 2621 384 2642 u‘num
408 2609 551 2641 sumus'.

277 2739 308 2769 6.
325 2739 355 2769 7.
370 2737 448 2769 aliis
465 2738 666 2779 compositis
681 2738 851 2780 oppositis
866 2738 907 2769 B.
971 2740 1000 2769 7.
1016 2738 1187 2779 privative
1208 2738 1237 2770 A
1253 2738 1291 2772 C.
1360 2740 1411 2770 13.
1431 2749 1511 2771 con-

185 2795 313 2827 cedunt
338 2795 379 2835 A,
406 2806 485 2827 cum
506 2806 575 2837 pro
601 2795 644 2827 de
669 2796 697 2826 B
715 2795 839 2827 CPR.
973 2798 1026 2828 14.
1054 2797 1123 2827 sint
1147 2796 1186 2827 P.
1336 2798 1387 2828 18.
1417 2798 1511 2839 quod

184 2852 212 2883 B
228 2852 296 2884 GP
312 2853 368 2886 Pr.
466 2855 520 2886 21.
548 2864 624 2885 esse
649 2865 712 2887 om.
739 2854 765 2884 B
781 2854 808 2885 P
824 2854 880 2885 Pr.
978 2855 1031 2885 24.
1059 2858 1141 2885 sunt
1162 2866 1228 2895 pro
1256 2859 1307 2887 est
1333 2855 1370 2887 C.

1335 2916 1354 2945 8

1715 224 1795 261 113

1547 565 1698 592 Different
1717 567 1777 592 and

1540 608 1615 627 even
1635 602 1774 633 opposite

1522 637 1697 668 predicates
1729 644 1797 670 may

1564 671 1602 696 be
1622 672 1712 696 made
1733 671 1767 696 of

1522 706 1572 731 the
1588 713 1672 732 same
1685 713 1796 738 person

1551 741 1714 772 according
1732 743 1763 766 to

1588 776 1729 801 different

1592 813 1726 836 natures.

1565 1472 1712 1504 Example
1733 1473 1765 1497 of

1608 1507 1718 1533 Christ.
