2035 3359
174 185 256 223 132
897 180 1135 214 JOHANNIS
1162 181 1351 214 WICLIF.
1622 191 1707 217 CAp,
1729 191 1796 217 vn,

464 298 729 355 continuam,
776 299 989 356 sequitur,
1036 299 1155 356 quod
1201 313 1287 341 non
1320 304 1524 341 movetur
1556 299 1799 342 secundum

462 376 647 426 partem,
694 369 772 412 sed
818 369 1064 413 secundum
1097 376 1268 426 partem
1314 370 1520 426 quiescit3
1565 370 1644 412 sed
1689 371 1801 413 sicut

462 455 542 497 per
572 445 714 482 totum
748 441 947 497 quiescit,
981 441 1042 482 sic
1066 455 1145 495 per
1176 446 1316 482 totum
1348 447 1553 483 movetur
1584 439 1712 483 simul
1745 442 1799 483 si-

462 516 510 552 tu
542 516 584 551 et
617 516 833 567 tempore,
881 503 1000 568 quod
1045 525 1133 552 non
1183 517 1249 553 est
1280 510 1494 567 possibile
1527 511 1799 567 adversario,

463 594 562 622 cum
614 586 721 622 tunc
772 588 925 637 posset
969 596 1132 638 corpus
1179 588 1414 638 penetrare
1457 597 1538 639 per
1583 581 1835 639 quotlibet5

464 665 653 708 corpora
697 658 740 694 et
784 667 881 694 esse
925 653 968 694 in
1026 652 1351 710 quantumlibet
1394 668 1534 709 parvo
1579 653 1663 694 situ
1707 653 1800 695 sine

464 721 679 764 divisione
726 723 937 779 corporis,
994 738 1098 779 ymo
1145 724 1352 766 continue
1396 723 1599 779 generari
1632 729 1676 765 et
1708 738 1800 765 cor—

463 793 610 848 rumpi
644 799 687 834 et
719 808 899 835 manere
940 794 1095 836 eadem
1135 809 1327 850 persona
1358 793 1561 847 hominis,
1595 809 1695 836 cum
1727 793 1800 836 de-

462 864 710 906 nominacio
743 864 881 919 partis
903 865 1122 907 redundat
1154 866 1195 906 in
1230 865 1643 907 denominacionem
1664 866 1801 907 totius

463 933 518 975 ad
553 949 729 976 sensum
763 936 1027 992 expositum,
1053 935 1130 978 sed
1155 937 1358 978 continue
1381 935 1665 992 generabitur
1696 939 1801 992 pars
1818 946 1860 977 10

464 1005 756 1060 quantitativa
787 1006 852 1047 sui
884 1006 937 1047 ad
972 1005 1333 1049 informacionem
1365 1007 1522 1062 anime,
1558 1022 1662 1063 ergo
1697 1022 1798 1048 con-

464 1075 585 1116 tinue
619 1075 905 1131 generabitur
936 1076 1010 1119 ille
1042 1076 1190 1119 homo.
1235 1077 1294 1119 Et
1327 1084 1510 1134 constat,
1545 1078 1662 1135 quod
1698 1093 1798 1120 con-

463 1146 581 1187 tinue
623 1146 816 1189 manebit
860 1147 974 1189 idem
1021 1147 1167 1202 homo,
1214 1163 1311 1190 cum
1357 1149 1561 1191 continue
1606 1148 1802 1191 manebit

465 1216 618 1258 eadem
655 1218 799 1259 anima
822 1224 1003 1261 aetuans
1027 1233 1187 1275 corpus
1210 1234 1291 1276 per
1314 1234 1361 1261 se
1394 1219 1478 1261 sibi
1510 1219 1798 1273 accidentale,

465 1287 582 1342 quod
616 1286 795 1345 reliquit
827 1289 1069 1332 secundum
1116 1289 1293 1331 modum
1340 1289 1551 1347 loquendi
1583 1292 1858 1348 scripturel5

463 1363 511 1399 ut
541 1364 693 1413 pastor
724 1358 1088 1402 thabernaculum
1134 1366 1177 1403 et
1210 1360 1379 1403 deferet
1412 1376 1562 1404 secum
1595 1361 1800 1404 continue

465 1434 588 1470 actus
622 1430 891 1473 nutritorios.
925 1430 1019 1473 Nec
1044 1437 1218 1488 oportet
1241 1431 1449 1474 solicitari
1483 1433 1538 1475 de
1565 1432 1802 1475 velocitate

465 1501 588 1542 istius
621 1506 767 1542 motus
807 1500 879 1544 vel
918 1503 1265 1559 proprietatibus
1303 1501 1571 1559 huiusmodi,
1606 1504 1709 1560 quia
1739 1504 1801 1545 in-

465 1572 640 1612 venitur
691 1587 829 1628 purus
883 1579 1026 1615 motus
1079 1574 1297 1617 interioris
1350 1573 1554 1628 hominis,
1608 1574 1663 1616 de
1716 1589 1802 1631 quo

467 1643 511 1679 2⁰
546 1640 645 1683 Cor.
680 1646 725 1681 4Ο
760 1641 900 1685 ‘Licet
922 1644 970 1698 is,
996 1645 1070 1701 qui
1091 1644 1197 1687 foris
1222 1652 1286 1687 est
1309 1644 1442 1688 homo
1466 1644 1801 1702 corrumpatur’.
1818 1651 1863 1683 20

187 1724 237 1750 Au
257 1724 437 1750 substantia}
524 1712 682 1756 Tercio
736 1720 870 1770 patet,
931 1715 1047 1772 quod
1101 1722 1338 1771 generatur
1382 1714 1670 1772 metaphisice
1721 1716 1804 1758 ista

186 1760 435 1821 esffferffieffiofthtiw
466 1784 690 1826 sentencia
742 1799 799 1827 ex
850 1785 947 1841 hoc,
981 1785 1097 1843 quod
1133 1787 1272 1828 omnis
1315 1786 1457 1829 forma
1499 1786 1804 1829 substancialis

172 1831 268 1862 thing,
281 1830 341 1855 and
352 1837 385 1855 so
400 1830 452 1856 the
678 1856 686 1863 ‚
893 1857 901 1864 ‚
1100 1857 1108 1865 ,
1772 1858 1780 1866 ‚

211 1864 409 1897 thingitseif.
465 1853 716 1897 substancie
755 1862 821 1897 est
864 1871 956 1898 elus
990 1856 1180 1914 quiditas
1213 1873 1268 1900 ex
1301 1857 1471 1913 eodem,
1504 1857 1622 1915 quod
1666 1872 1805 1900 omnis

465 1924 607 1966 forma
640 1924 944 1969 substancialis
970 1926 1222 1970 substancie
1256 1935 1323 1970 est
1356 1929 1447 1971 eius
1481 1929 1692 1984 essencia‚
1726 1929 1804 1971 sed

466 1994 733 2051 generaliter
755 1997 872 2039 idem
896 2004 962 2039 est
978 1999 1174 2041 essencia
1190 2005 1233 2041 et
1248 2014 1331 2056 res,
1349 2000 1469 2041 cuius
1493 2005 1559 2041 est
1582 2000 1800 2054 essencia3
1820 2006 1864 2037 25

467 2073 508 2108 et
542 2082 637 2109 esse
683 2068 775 2109 eius
815 2069 949 2124 igitur
996 2069 1260 2124 generaliter
1291 2071 1407 2113 idem
1442 2077 1508 2112 est
1556 2070 1805 2112 substancia

468 2144 512 2179 et
544 2139 636 2180 eius
669 2137 977 2181 substancialis
1008 2139 1151 2181 forma
1174 2147 1216 2182 et
1238 2141 1363 2182 istam
1388 2142 1610 2183 racionem
1632 2141 1803 2184 univer-

466 2207 604 2250 salem
628 2223 733 2264 sepe
756 2216 1012 2265 persecutus
1047 2226 1156 2253 sum.
1210 2211 1340 2253 Unde
1374 2226 1429 2253 ex
1460 2211 1544 2253 ista
1576 2211 1806 2254 evidencia

467 2278 584 2320 dicet
605 2286 925 2322 commentator
949 2284 993 2321 7⁰
1010 2281 1298 2337 metaphisice
1321 2286 1386 2336 4⁰3
1404 2288 1446 2323 et
1468 2282 1530 2323 sic
1550 2281 1802 2339 sophistice,

656 2422 710 2453 20.
732 2421 776 2454 II
796 2420 872 2454 Cor.
892 2425 928 2462 4,
946 2424 1001 2455 16.
1053 2425 1107 2454 30.
1126 2423 1313 2463 Averroes,
1328 2434 1452 2455 comm.
1472 2424 1508 2455 in
1522 2424 1628 2457 Arist.
1647 2424 1802 2466 Metaph.

561 2480 641 2521 VII,
668 2483 688 2513 4
718 2481 800 2522 (Ed.
844 2481 922 2513 Ven.
959 2481 1057 2513 VIII
1087 2483 1158 2514 811.
1194 2482 1240 2513 Et
1262 2482 1360 2523 forte
1391 2484 1522 2525 questio
1556 2482 1805 2524 Sophistarum

561 2545 610 2571 est
634 2541 723 2571 ista:
762 2540 917 2580 quidum
951 2540 1098 2572 hominis
1133 2546 1194 2572 aut
1227 2546 1275 2572 est
1307 2540 1427 2573 easlem
1460 2552 1537 2572 cum
1567 2541 1711 2581 homine,
1743 2547 1805 2574 aut

565 2660 594 2689 1.
639 2658 837 2690 secundum
875 2669 937 2700 pro
981 2659 1140 2700 sequitur
1183 2658 1278 2700 quod
1304 2659 1344 2691 A.
1491 2660 1545 2691 15.
1588 2659 1732 2701 re'iquit
1764 2658 1802 2691 C.

470 2718 522 2748 19.
551 2727 622 2759 qua
647 2717 675 2749 P
690 2718 746 2750 Pr.
869 2719 923 2751 20.
953 2718 1042 2749 soret
1068 2719 1094 2749 Γ
1112 2718 1167 2749 l’r.
1273 2728 1315 2750 ac
1336 2723 1417 2759 post
1435 2718 1540 2749 homo
1556 2717 1640 2750 add.
1663 2717 1689 2749 C
1705 2718 1731 2749 P
1746 2717 1803 2758 Pr,

468 2779 564 2816 patet
591 2776 805 2817 generaliter
830 2776 858 2807 B
874 2776 900 2807 C
916 2776 944 2807 P
961 2777 1018 2808 Pr.
1116 2778 1169 2808 23.
1200 2777 1323 2808 cadem
1344 2778 1385 2817 A,
1405 2787 1475 2818 quo
1501 2777 1608 2818 igitur
1633 2786 1694 2818 pro
1722 2776 1803 2808 sub-

468 2835 604 2865 stancia
631 2834 658 2865 C
686 2834 741 2865 l'r.
852 2838 886 2866 et
910 2846 972 2866 om.
1001 2837 1027 2865 Α
1152 2837 1205 2866 2¹9.
1233 2836 1399 2876 sopistice
1428 2835 1465 2867 B.
