2035 3359
210 192 291 230 100
953 196 1190 231 JOHANNIS
1215 195 1402 229 chmr.
1659 182 1761 241 [eff.
1783 196 1817 221 v.

500 319 728 362 corporea.
761 303 821 346 Et
852 304 914 346 sic
946 303 1215 359 conceditur,
1251 302 1369 359 quod
1402 302 1445 343 in
1468 302 1833 358 augmentacione

497 374 630 418 homo
665 375 871 417 continue
905 381 970 417 est
1003 373 1121 416 aliud
1158 379 1201 415 et
1233 373 1367 428 aliud,
1400 372 1506 415 licet
1537 379 1686 415 manet
1716 373 1834 415 idem

499 447 752 500 animatum,
799 447 903 503 quia
936 446 1093 488 eadem
1125 460 1316 502 persona
1347 450 1580 502 perpetua,
1627 459 1727 486 cum
1781 444 1837 485 sit

499 518 678 575 spiritus
710 516 985 559 immortalis.
1039 517 1098 559 Et
1143 516 1546 574 correspondenter
1587 515 1747 558 dicitur
1781 515 1836 557 de

500 589 644 645 capite
678 594 721 630 et
753 588 847 630 aliis
886 587 1097 630 membris
1137 594 1179 630 et
1219 587 1274 629 de
1314 587 1472 629 ceteris
1513 586 1702 642 organis,
1750 598 1871 643 que5

498 665 677 701 manent
723 659 967 701 secundum
1010 659 1196 701 formam
1251 659 1457 701 continue
1503 663 1546 699 et
1592 657 1837 700 secundum

498 730 727 772 materiam
766 731 1005 784 variantur,
1052 736 1101 772 ut
1139 736 1270 787 caput
1307 745 1455 772 meum
1493 743 1580 770 non
1621 734 1686 770 est
1717 726 1836 770 aliud

499 807 645 857 caput,
691 801 768 843 sed
804 807 870 843 est
909 800 1040 854 aliud,
1082 815 1215 857 quam
1246 799 1327 842 fuit
1358 800 1401 841 in
1434 800 1663 856 principio,
1699 804 1743 840 et
1775 799 1837 841 sic

499 871 554 913 de
588 872 748 913 ceteris
783 872 973 928 organis,

235 952 275 978 So
294 959 342 977 we
362 954 449 983 grant
557 941 754 985 Ulterius
787 957 887 984 cum
920 957 1062 1000 omne,
1110 942 1227 999 quod
1275 941 1357 984 fuit
1387 940 1460 984 vel
1494 941 1588 996 erit,
1623 946 1702 996 est,
1737 955 1836 982 con·
1853 950 1897 981 10

245 988 438 1048 thagassigan
499 1012 686 1065 ceditur,
737 1013 857 1070 quod
902 1012 1035 1055 homo
1083 1019 1149 1055 est
1205 1012 1356 1067 multa,
1402 1012 1566 1054 nedum
1601 1009 1743 1065 simul,
1790 1016 1839 1052 ut

224 1057 473 1155 qS{{{Z{{;{}}ly'
500 1084 665 1126 dictum
699 1090 765 1126 θεῖ
797 1083 851 1126 de
883 1083 1085 1140 partibus
1120 1082 1406 1140 qualitativis,
1454 1082 1531 1124 sed
1567 1081 1835 1138 successive,

426 1137 456 1163 γ’
498 1154 725 1212 loquendo
761 1155 815 1196 de
838 1154 1043 1212 partibus
1067 1154 1386 1211 quantitativis.
1421 1153 1517 1195 Nec
1550 1153 1750 1209 sequitur
1783 1168 1842 1206 ex-

497 1227 594 1279 isto,
630 1225 750 1282 quod
782 1225 914 1268 homo
948 1231 1095 1282 potest
1131 1240 1227 1267 esse
1261 1224 1501 1278 nonhomo,
1533 1223 1636 1266 licet
1666 1229 1836 1279 natura,

499 1310 584 1353 que
630 1302 696 1339 est
742 1296 888 1349 homo,
936 1302 1087 1353 potest
1120 1311 1216 1338 esse
1260 1295 1503 1338 nonhomo:
1552 1293 1837 1349 intelligendo
1855 1304 1897 1335 15

498 1366 620 1409 illum
666 1367 906 1408 terminum
953 1366 1085 1409 homo
1136 1365 1446 1426 personaliter,
1492 1370 1542 1407 ut
1587 1379 1723 1422 supra
1765 1363 1838 1407 vel

497 1452 579 1494 pro
603 1437 876 1479 humanitate
905 1436 1179 1493 simpliciter,
1205 1438 1308 1493 quia
1328 1452 1411 1479 nec
1432 1451 1627 1493 persona
1648 1435 1836 1477 hominis

499 1515 648 1565 potest
695 1523 779 1551 nec
822 1507 1075 1550 humanitas
1116 1508 1212 1565 ipsa
1243 1514 1391 1564 potest
1439 1523 1534 1550 esse
1566 1521 1656 1548 non
1687 1505 1835 1560 homo,

497 1578 600 1622 licet
651 1586 809 1621 natura
845 1593 1062 1634 corporea
1115 1593 1200 1635 que
1243 1585 1308 1621 est
1342 1578 1491 1634 homo,
1544 1582 1692 1634 potest
1741 1591 1837 1618 esse

498 1666 586 1693 non
619 1650 765 1693 homo.
809 1649 932 1705 Ergo
986 1665 1074 1692 non
1126 1649 1251 1691 multi
1310 1649 1527 1702 homines,
1587 1648 1665 1690 sed
1718 1647 1837 1689 idem
1853 1657 1896 1688 20

498 1721 631 1764 homo
664 1723 708 1763 in
741 1737 941 1777 numero,
988 1721 1070 1764 erit
1115 1720 1333 1777 quotlibet
1371 1718 1546 1761 illorum
1581 1732 1836 1776 corporum3

499 1798 543 1834 et
575 1793 637 1834 sic
667 1792 954 1848 intelligendo
979 1807 1141 1848 corpus
1164 1806 1244 1848 pro
1267 1796 1426 1832 natura
1448 1788 1707 1846 simpliciter
1740 1795 1839 1832 sunt

497 1862 636 1905 multa
688 1878 887 1920 corpora,
941 1863 1018 1905 sed
1074 1877 1162 1904 non
1211 1860 1496 1917 intelligendo
1548 1858 1840 1918 personaliter

497 1933 618 1976 idem
652 1949 827 1991 corpus.
889 1934 1003 1975 Nam
1050 1933 1161 1975 sicut
1206 1933 1427 1989 quantitas
1462 1931 1701 1974 adveniens
1732 1930 1839 1972 facit

499 2004 701 2061 alterum,
736 2006 798 2046 sic
832 2019 993 2060 corpus
1026 2003 1267 2046 adveniens
1300 2002 1404 2044 facit
1436 2002 1568 2045 aliud.
1853 2011 1896 2042 25

237 2094 265 2118 It
285 2096 397 2118 cannot
415 2093 453 2119 be
558 2075 648 2118 Sed
684 2075 817 2132 longe
840 2074 969 2117 aliter
994 2074 1098 2128 dixi,
1125 2074 1302 2131 quando
1326 2074 1455 2130 posui
1486 2073 1706 2115 neminem
1742 2087 1838 2115 esse

244 2129 454 2189 Sssi‘iniiii‘thff
497 2152 702 2188 naturam
738 2161 1016 2203 corpoream,
1052 2161 1149 2187 cum
1199 2160 1285 2201 qua
1317 2144 1462 2186 anima
1493 2144 1737 2186 formaliter
1770 2158 1838 2185 co-

549 2255 579 2285 1.
608 2254 660 2285 sic
685 2264 752 2285 om.
778 2253 819 2285 P.
950 2254 981 2284 2.
1009 2252 1178 2284 continue
1205 2263 1268 2283 om.
1295 2251 1336 2283 B.
1463 2253 1495 2283 4.
1525 2249 1842 2292 correspondenter

500 2312 588 2344 deus
628 2312 849 2354 decapitetur
873 2311 916 2352 A,
955 2310 1247 2353 corresponderet
1284 2311 1324 2352 B,
1358 2313 1392 2343 et
1423 2330 1466 2334 —
1499 2310 1664 2342 membris
1698 2320 1762 2341 om.
1800 2308 1841 2349 P,

499 2371 537 2402 in
560 2382 630 2413 pro
658 2374 692 2403 et
724 2371 781 2402 Pr.
879 2373 910 2403 5.
953 2370 997 2402 de
1023 2381 1085 2401 om.
1119 2370 1148 2401 B
1167 2371 1220 2401 Pr.
1320 2371 1350 2401 7.
1378 2380 1495 2402 meum
1521 2374 1552 2401 et
1578 2371 1685 2410 caput
1710 2379 1773 2399 om.
1800 2366 1840 2398 P.

498 2432 531 2463 8.
560 2430 720 2462 concedo
748 2435 830 2472 post
868 2429 1018 2462 ulterius
1055 2429 1138 2461 add.
1165 2429 1206 2470 B,
1233 2428 1329 2470 quod
1362 2440 1432 2470 pro
1459 2439 1540 2460 cum
1566 2427 1607 2460 B.
1676 2428 1729 2458 1⁶2.
1760 2436 1839 2458 cum

500 2489 594 2530 quod
612 2500 716 2521 omne
732 2489 828 2531 quod
843 2489 884 2529 A,
903 2489 1035 2520 dictum
1052 2487 1243 2529 qualitates
1258 2498 1321 2518 om.
1336 2487 1409 2520 rell.
1426 2488 1466 2519 P.
1521 2488 1572 2519 13.
1596 2488 1647 2517 14.
1665 2496 1705 2517 ex
1719 2485 1787 2516 hoc
1802 2483 1840 2516 C.

506 2550 559 2580 17.
599 2549 685 2589 quia
712 2559 775 2580 om.
803 2549 842 2587 P,
869 2547 970 2579 nulla
991 2558 1061 2588 pro
1088 2557 1154 2578 nec
1180 2546 1219 2577 A.
1321 2548 1373 2577 19.
1400 2546 1484 2578 licet
1509 2564 1552 2569 —-
1578 2545 1684 2576 homo
1711 2555 1774 2576 om.
1800 2543 1840 2575 A.

505 2608 562 2638 21.
595 2610 628 2638 et
655 2607 706 2638 sic
718 2618 789 2647 pro
817 2607 882 2637 erit
908 2606 948 2638 A.
1025 2608 1079 2637 2⁶2.
1108 2606 1210 2637 etsie
1228 2605 1459 2647 intelligendo
1487 2604 1537 2637 bis
1561 2605 1601 2636 P.
1676 2605 1730 2635 23.
1751 2603 1842 2635 sicut

499 2665 528 2696 B
546 2665 572 2696 C
600 2676 670 2697 non
712 2676 774 2711 om.
811 2665 839 2696 Β
857 2665 883 2696 C
902 2666 956 2696 ΒΓ.
1056 2663 1263 2705 simpliciter
1300 2674 1445 2706 pei-seru
1480 2665 1552 2703 (viv)
1591 2662 1683 2694 idem
1713 2672 1839 2703 corpus

500 2747 567 2767 om.
613 2736 688 2767 rell.
734 2735 776 2776 A,
826 2734 1032 2776 simpliciter
1072 2746 1140 2775 pro
1189 2734 1424 2776 personaliter
1468 2734 1508 2774 P,
1553 2738 1636 2774 post
1680 2744 1712 2775 p.
1752 2732 1837 2763 add.

501 2796 555 2825 est
579 2793 639 2825 Pr.
784 2794 838 2824 24.
879 2794 991 2825 secuii
1032 2793 1070 2833 C,
1096 2804 1177 2825 nam
1217 2794 1320 2825 siculi
1359 2793 1408 2825 bis
1447 2793 1504 2825 Pr.
1602 2791 1757 2834 qualitas
1796 2791 1835 2822 P.

502 2853 557 2884 25.
587 2852 680 2884 idem
706 2863 776 2894 pro
804 2852 902 2884 aliud
929 2853 969 2884 P.
1068 2854 1124 2884 26.
1152 2852 1221 2883 dixi
1247 2863 1313 2893 pro
1340 2852 1444 2894 posui
1470 2853 1498 2884 B
1516 2852 1655 2884 OPPr.
