2035 3359
781 232 1007 265 GENERAL
1032 231 1196 264 INDEX.

114 350 230 382 Homo
258 354 309 382 est
335 353 469 392 septem
498 352 549 388 11,
577 351 638 390 23,
668 351 723 389 19,
741 350 783 391 2,
811 352 864 381 est
889 348 947 381 de-

187 408 306 439 narius
336 409 387 447 12,
418 410 470 439 11.

120 485 154 490 -ν
186 476 337 509 persona
371 465 535 497 absoluta
568 475 638 497 non
675 468 727 497 est
757 465 841 506 vita,
878 475 947 495 non

188 525 321 556 animat
348 535 386 555 se
411 524 528 565 ipsum
558 525 635 563 111,
661 524 714 555 24.

117 601 160 605 -
186 592 372 623 personam
399 582 493 623 capit
525 581 697 622 scriptura
729 579 949 621 spiritualem

189 641 381 671 essenciam
409 645 441 671 et
466 638 723 680 incorporalem
754 638 948 670 essenciam

186 700 241 740 25,
257 700 350 730 1055.
366 698 489 729 Teroio
505 697 608 728 modo
624 696 852 738 intelligimus
869 702 951 728 eum

185 755 379 788 secundum
398 755 652 797 disposiciones
679 753 947 786 substancialeS.

185 814 242 847 vel
267 813 505 846 accidentales
531 815 587 846 25.
622 814 682 854 153
715 812 759 845 cf.
790 813 868 853 130,
893 814 946 844 30.

186 883 312 914 corpus
338 876 513 903 mortuum
542 872 597 911 31,
625 873 642 903 7
671 881 715 903 ss·

185 933 237 962 est
262 930 331 962 duo
358 939 488 971 copora
514 931 569 969 37,
596 930 636 971 4,
664 929 726 961 sed
752 929 946 960 communi-

184 991 265 1020 cant
298 989 335 1019 in
368 987 491 1020 eadem
524 989 684 1019 essencia
711 989 766 1027 44,
794 989 853 1029 14,
892 988 948 1026 45,

192 1048 249 1087 11,
276 1046 319 1078 cf.
346 1047 401 1086 47,
428 1047 483 1078 24.

115 1124 145 1128 —
185 1105 331 1136 interior
349 1108 382 1136 et
401 1104 566 1136 exterior:
595 1104 625 1136 si
643 1107 724 1135 sunt
741 1114 851 1135 unum
871 1105 948 1143 110,

183 1164 225 1203 23
254 1164 312 1206 14,
353 1163 431 1204 109,
456 1161 477 1196 6
516 1173 578 1203 55.;
618 1162 660 1193 cf.
701 1164 755 1202 17,
780 1163 817 1202 93
843 1161 947 1193 homo

182 1222 326 1253 interior
362 1220 538 1262 intelligit,
577 1224 673 1252 amat
711 1224 775 1252 010.
803 1221 857 1261 51,
886 1222 947 1263 19,

184 1280 336 1311 exterior
362 1283 414 1311 est
439 1282 605 1321 quantus,
632 1278 768 1310 locatus
797 1281 861 1309 etc.
892 1280 947 1317 51,

183 1338 243 1376 243
271 1336 465 1368 secundum
491 1340 653 1368 naturam
678 1336 850 1377 integram
877 1346 948 1368 am-

183 1395 293 1435 bulat,
332 1395 436 1426 sentit
468 1397 532 1427 etc.
571 1395 627 1435 52,
659 1396 696 1435 2,
734 1394 948 1426 insensibilis

184 1453 298 1485 differt
322 1463 344 1484 a
369 1453 540 1492 sensibili,
567 1453 658 1484 sicut
683 1453 788 1484 homo
806 1454 949 1485 interior

184 1511 228 1543 ab
256 1512 419 1543 exteriori
447 1513 524 1550 111,
551 1512 582 1543 5.

116 1589 157 1594 —
183 1580 264 1612 pars
290 1570 529 1611 quantitative.
555 1570 630 1602 eius
658 1573 710 1602 est
736 1570 868 1601 animal
886 1571 946 1601 irn-

184 1628 380 1670 perfectum
406 1627 645 1660 beatificabile
672 1629 726 1667 92,
754 1629 815 1669 303
842 1628 949 1660 habet

184 1686 360 1728 duplicem
393 1686 637 1719 habitudinem
669 1687 861 1719 accidentis
894 1688 948 1725 93,

188 1748 227 1777 1¹2.
255 1755 300 1777 ss.

116 1823 159 1827 —
185 1806 236 1836 est
261 1803 372 1835 multa
396 1803 526 1836 nedum
544 1803 648 1835 simul
668 1803 730 1835 sed
750 1804 950 1836 successive

188 1863 265 1900 100,
294 1863 347 1893 12.

118 1939 161 1943 --
188 1919 376 1952 multitudo
414 1920 604 1952 formarum
642 1921 677 1951 in
717 1931 757 1952 eo
797 1921 852 1960 53,
889 1922 949 1962 12,

187 1982 273 2020 quot
291 1978 425 2011 formae
444 1981 496 2010 tot
514 1979 653 2010 animae
668 1980 724 2019 53,
741 1980 799 2019 183
821 1980 875 2018 57,
892 1979 950 2020 19,

188 2037 273 2069 ordo
300 2037 493 2069 formarum
520 2039 576 2078 65,
603 2039 656 2069 14.

118 2116 160 2120 -—
186 2106 257 2128 non
289 2099 426 2138 oportet
458 2095 553 2139 quod
583 2099 743 2137 resurget
780 2096 816 2126 in
853 2094 951 2126 finali

186 2154 319 2186 iudicio
348 2165 427 2186 cum
454 2154 579 2187 eodem
613 2164 757 2196 corpore
791 2155 867 2194 129,
895 2155 948 2186 29.

116 2213 339 2254 Homogenei
367 2216 401 2245 et
425 2213 646 2255 heterogenii
667 2213 823 2254 corporis
840 2213 952 2244 forma

189 2273 243 2310 79,
271 2272 334 2312 27,
361 2271 402 2302 cf.
432 2272 487 2302 80.

117 2329 254 2361 Humor
280 2329 327 2371 (v.
355 2329 522 2371 sangwis)
549 2329 685 2371 species
713 2332 864 2371 quatuor
889 2329 951 2361 hu-

163 2397 300 2418 morum
324 2389 379 2426 42,
409 2388 468 2429 153
499 2389 553 2427 72,
579 2389 633 2419 10.

117 2445 439 2487 Incorruptibilitas
465 2456 498 2477 v.
524 2445 799 2478 indivisibilitas.

118 2503 404 2536 Indivisibilitas:
440 2515 480 2536 ex
506 2503 577 2537 ind.
604 2504 714 2536 forme
738 2514 809 2536 non
835 2505 949 2546 sequi-

187 2564 245 2593 tur
276 2563 350 2594 eius
383 2562 697 2603 incorruptibilitas
730 2564 785 2603 90,
819 2564 879 2604 293
919 2567 952 2594 et

189 2624 333 2652 econtra
357 2622 412 2662 91,
441 2622 471 2652 7.

118 2678 312 2710 Influencia
338 2678 404 2710 celi
431 2680 486 2721 68,
513 2680 570 2719 22,
600 2680 655 2720 69,
682 2681 712 2710 2.

118 2735 322 2768 Intellectus
336 2735 513 2769 humanus
529 2739 668 2768 creatus
684 2738 785 2769 estin
795 2738 951 2769 orizonte

188 2794 381 2826 eternitatis
400 2796 431 2834 8,
454 2797 535 2836 110,
564 2796 658 2837 capit
684 2796 851 2828 noticiam
878 2806 949 2828 om-

188 2852 284 2884 nium
309 2853 478 2885 virtutum
504 2853 560 2893 89,
588 2854 640 2886 13.

1772 235 1852 272 137

1021 349 1116 381 Leve
1142 347 1280 380 nullum
1305 350 1466 380 movetur
1490 346 1692 379 immediate
1709 346 1855 379 levitate

1093 408 1170 447 118,
1198 408 1259 448 24,
1287 406 1331 438 cf.
1359 407 1420 448 10,
1450 406 1505 438 18.

1020 465 1268 508 Ligamentum
1293 464 1409 505 ligans
1436 465 1590 496 animam
1612 474 1691 496 cum
1710 473 1855 506 corpore

1091 533 1162 555 non
1187 523 1377 565 requiritur
1403 523 1458 560 55,
1488 523 1541 554 13.

1020 583 1173 623 Lignum
1191 581 1424 623 ponderosius
1443 589 1549 622 quam
1566 579 1709 622 lapillus
1737 590 1856 622 super-

1091 638 1270 681 natat'72,
1297 640 1328 671 5.

1012 699 1133 730 *Linea
1158 696 1205 742 (v,
1231 697 1376 740 puncta)
1404 698 1459 736 52,
1489 698 1541 728 19.

1020 757 1171 788 Materia
1206 756 1334 798 prima:
1373 755 1512 797 proprie
1551 753 1661 786 nichil
1702 756 1754 794 17,
1796 755 1857 795 133

1091 814 1133 846 cf.
1157 815 1215 853 40,
1241 816 1278 854 3,
1304 814 1360 853 40,
1382 814 1442 854 19,
1469 814 1524 851 40,
1544 813 1603 854 25,
1631 814 1687 851 43,
1713 814 1750 853 9,
1779 822 1857 844 eam

1091 871 1230 904 cacellit
1248 880 1412 913 suprema
1425 871 1539 902 forma
1552 870 1755 902 sublunaris
1771 871 1801 909 7,
1820 872 1856 909 13

1092 941 1133 963 ea
1147 940 1190 962 ea
1205 940 1325 962 omnes
1340 930 1578 971 processimus
1593 930 1649 969 26,
1663 930 1698 971 8,
1721 931 1858 971 oportet

1090 999 1193 1031 posse
1229 989 1338 1020 fluere
1377 991 1411 1019 et
1447 987 1613 1019 advenire
1652 986 1765 1018 eidem
1796 986 1858 1017 ho-

1090 1048 1174 1079 mini
1202 1048 1233 1087 6,
1260 1048 1315 1078 27.

1023 1125 1062 1129 -κ
1092 1107 1167 1138 01115
1193 1114 1347 1136 massam
1366 1106 1475 1135 totam
1495 1104 1627 1136 creavit
1647 1103 1732 1135 deus
1753 1104 1785 1143 7,
1802 1103 1857 1134 28.

1025 1184 1062 1188 -
1090 1175 1163 1196 non
1179 1160 1329 1196 vocatur
1340 1164 1378 1194 in
1393 1162 1574 1194 elementis
1590 1172 1716 1204 corpus
1732 1162 1787 1201 39,
1804 1162 1857 1192 20.

1022 1224 1121 1255 Mens
1156 1222 1382 1263 distinguitur
1412 1222 1503 1252 inter
1534 1223 1688 1252 mentem
1721 1222 1754 1252 et
1785 1220 1858 1251 ani-

1091 1291 1185 1312 mam
1212 1281 1291 1318 123,
1318 1280 1350 1312 8.

1026 1359 1060 1362 —
1093 1342 1127 1370 et
1151 1341 1279 1370 natura
1311 1347 1480 1379 corporea
1512 1339 1594 1368 sunt
1627 1335 1750 1368 eadem
1782 1346 1857 1377 per-

1092 1407 1180 1429 sona
1209 1398 1285 1435 127,
1315 1396 1367 1427 14.

1021 1455 1210 1487 Miracula:
1227 1455 1287 1486 via
1301 1453 1539 1496 cognoscendi
1553 1451 1724 1484 miracula
1741 1453 1793 1490 70,
1803 1453 1857 1484 23.

1022 1515 1192 1546 Molivum
1224 1523 1327 1544 omne
1361 1515 1413 1544 est
1445 1510 1622 1543 divisibile
1659 1511 1695 1542 in
1727 1521 1790 1552 per
1821 1521 1857 1542 se

1091 1582 1236 1604 movens
1255 1575 1288 1603 et
1304 1581 1365 1613 per
1381 1581 1419 1602 se
1436 1573 1569 1602 motum
1587 1570 1643 1608 42,
1659 1571 1695 1610 3,
1714 1569 1858 1611 spiritus

1091 1634 1207 1663 motus
1235 1632 1311 1669 131,
1339 1631 1391 1661 19.

1022 1691 1158 1722 Natura
1190 1698 1358 1730 corporea
1396 1690 1448 1720 est
1484 1685 1655 1719 vertibilis
1693 1696 1789 1717 nunc
1822 1687 1858 1717 in

1090 1750 1220 1789 ignem,
1245 1756 1374 1788 aquam
1401 1748 1465 1778 etc.
1493 1746 1548 1784 24,
1572 1745 1630 1785 123
1657 1747 1784 1776 natura
1807 1744 1859 1774 in-

1093 1815 1262 1848 corporea
1309 1807 1425 1846 potest
1465 1803 1694 1835 transmutari
1735 1813 1857 1834 secun-

1094 1865 1176 1896 dum
1201 1864 1348 1895 virtutes
1375 1864 1409 1893 et
1433 1862 1520 1893 vit-ia
1545 1862 1601 1900 24,
1629 1862 1683 1892 18.

1022 1923 1158 1955 Nomen
1175 1921 1395 1963 componitur
1410 1930 1451 1951 ex
1466 1929 1552 1951 sono
1564 1922 1597 1950 et
1606 1928 1753 1960 corpore
1762 1919 1817 1959 95,
1828 1920 1859 1949 1.

1023 2001 1067 2005 —
1094 1990 1136 2013 ea
1150 1978 1351 2022 significant
1366 1978 1562 2010 essenciam
1576 1977 1692 2009 anime
1706 1977 1860 2009 humane

1094 2040 1169 2071 sine
1196 2038 1454 2070 connotacione
1486 2037 1705 2068 actuacionis
1738 2046 1858 2077 corpo-

1093 2098 1141 2129 ris
1175 2100 1208 2129 et
1240 2095 1361 2138 aliqua
1395 2105 1474 2127 oum
1500 2095 1759 2127 connotacione
1786 2104 1859 2125 cor-

1093 2156 1187 2198 poris
1215 2156 1294 2194 122,
1322 2155 1353 2185 8.

1022 2214 1168 2246 Numeri
1194 2214 1250 2254 80,
1277 2213 1335 2253 26,
1365 2213 1421 2253 81,
1452 2212 1503 2243 16.

1025 2272 1218 2313 Obliquum
1242 2282 1275 2303 v.
1301 2273 1446 2303 rectum.

1023 2329 1159 2362 Pedale
1206 2339 1315 2361 unum
1358 2338 1429 2360 non
1469 2330 1587 2370 potest
1628 2336 1705 2359 esse
1745 2327 1860 2368 magis

1093 2387 1219 2430 pedale
1244 2388 1299 2426 50,
1326 2388 1358 2419 4.

1024 2448 1145 2479 Pisces
1170 2456 1202 2477 v.
1229 2455 1323 2477 aves.

1023 2506 1145 2537 Pisces
1171 2506 1250 2546 post
1275 2503 1382 2535 corda
1402 2506 1567 2542 extracta,
1586 2502 1737 2535 anulosa
1755 2503 1860 2535 etiam

1094 2563 1233 2594 abscisa
1258 2565 1454 2594 noscuntur
1478 2562 1597 2594 vivere
1630 2563 1686 2602 66,
1713 2563 1775 2602 233
1802 2563 1858 2594 25.

1023 2621 1259 2653 Predestinati
1284 2620 1386 2652 multi
1416 2623 1498 2652 sunt
1522 2620 1679 2652 roborati
1705 2621 1784 2659 129,
1804 2621 1859 2652 28.

1023 2680 1230 2712 Predicacio
1256 2679 1413 2711 formalis
1446 2682 1480 2711 et
1512 2679 1708 2711 secundum
1742 2689 1859 2711 essen-

1094 2739 1183 2769 ciam
1210 2739 1264 2777 20,
1292 2739 1323 2769 3.

1022 2796 1282 2838 Proporciones
1307 2796 1362 2836 80,
1389 2797 1451 2837 27,
1478 2796 1532 2834 81,
1562 2797 1614 2827 11.

1022 2853 1319 2896 Philosophorum
1346 2864 1480 2886 errores
1505 2853 1548 2886 de
1574 2854 1694 2886 anima
1719 2855 1774 2895 32,
1804 2854 1856 2885 19.
