2035 3359
181 236 262 262 ΟΑΡ.
285 236 349 261 VH.
490 224 556 256 DE
584 222 948 256 OOMPOSICIONE
975 222 1191 255 HOMINIS.
1711 227 1788 264 127

181 341 469 396 indivisibilis,
501 340 770 396 immortalis,
815 347 862 383 ut
894 340 1087 396 angelus,
1128 340 1244 397 quod
1279 346 1399 397 patet
1431 355 1498 382 su-

182 412 330 467 perius
365 426 441 453 suo
477 411 585 453 loco.
620 411 770 453 Restat
803 426 920 465 ergo,
968 411 1085 465 quod
1128 425 1214 451 una
1245 409 1500 451 immortalis

181 480 472 536 intelligencia
519 481 572 523 de
614 488 770 523 natura
813 481 1021 536 angelica,
1069 495 1200 537 quam
1245 485 1371 522 vocat
1411 479 1499 521 Au-

185 551 384 605 gustinus
418 557 608 592 mentem
652 550 723 593 vel
768 552 967 605 animam,
1014 551 1069 592 sit
1116 551 1231 591 facta
1264 548 1501 606 corporalis

147 633 167 663 5
183 622 407 674 animam,
442 636 525 677 que
548 627 693 662 tamen
719 621 956 663 secundum
980 621 1196 662 racionem
1232 620 1499 676 superiorem

182 692 235 732 sit
280 692 474 733 essencia
505 690 773 743 immortalis,
816 691 916 747 quia
947 690 1073 732 aliter
1103 704 1189 731 non
1221 690 1357 746 possit
1405 703 1499 731 esse

181 761 432 803 immediate
456 768 498 804 et
518 761 762 804 formaliter
785 767 905 802 actus
928 759 1120 802 formalis
1144 760 1339 816 corporis
1361 758 1499 802 verbi.

183 830 305 872 Deus
349 832 462 873 enim
508 832 783 887 coniungitur
826 831 1087 886 cuicumque
1133 829 1306 885 corpori
1338 828 1501 870 faciens

182 906 402 957 tamquam
427 901 689 957 principium
715 899 1010 943 essencialiter
1033 900 1325 942 extrinsecum
1358 900 1501 955 ipsum

128 982 296 1026 messe,
344 977 386 1013 et
430 977 576 1012 tamen
622 970 788 1013 nullum
835 985 991 1027 corpus
1034 976 1178 1025 potest
1222 969 1386 1011 actuari
1417 968 1500 1009 for-

184 1039 355 1083 maliter
386 1056 467 1097 per
512 1042 656 1097 deum,
700 1056 780 1083 nec
818 1041 986 1082 animus
1020 1040 1193 1097 corpori
1226 1039 1500 1090 coniunctus,

182 1111 263 1152 nisi
310 1111 439 1153 fuerit
484 1113 574 1153 eius
618 1111 921 1153 informacioni
966 1111 1213 1167 ypostatice
1259 1108 1502 1165 copulatus.

237 1179 512 1237 Relinquitur
533 1196 635 1236 ergo
668 1196 746 1237 per
773 1180 919 1222 locum
952 1195 976 1220 a
1007 1179 1239 1221 sufficienti
1273 1179 1486 1220 divisione
1576 1190 1660 1215 Mind
1678 1191 1737 1216 and

183 1251 299 1306 quod
332 1266 452 1293 mens
486 1257 529 1293 et
560 1256 716 1293 natura
748 1265 964 1307 corporea
996 1256 1095 1291 sunt
1131 1249 1285 1291 eadem
1317 1247 1504 1289 hominis
1520 1225 1797 1292 aiiiigiignffiiffct

126 1333 167 1364 15
183 1335 382 1377 persona,
404 1320 506 1363 licet
527 1327 626 1363 sunt
645 1336 749 1363 vere
770 1321 882 1362 inter
904 1336 949 1362 se
973 1335 1029 1362 ex
1054 1320 1256 1376 opposito
1281 1318 1501 1372 distincte,
1528 1297 1781 1364 hifissatffepssffi.

186 1392 286 1447 quia
317 1406 445 1433 nemo
478 1390 703 1446 ambiguit,
750 1390 853 1446 quin
885 1389 1003 1431 aliud
1036 1390 1090 1431 sit
1120 1388 1238 1431 illam
1270 1403 1504 1445 persona-m

186 1476 280 1503 esse
312 1467 511 1503 naturam
534 1459 805 1517 spiritualem
828 1461 937 1502 sicut
960 1464 1061 1516 post
1080 1464 1280 1513 mortem,
1314 1464 1356 1500 et
1387 1457 1506 1499 aliud

186 1536 250 1573 est
280 1530 397 1573 illam
431 1546 526 1573 esse
548 1536 746 1572 naturam
772 1544 1031 1585 corpoream
1056 1535 1098 1571 et
1126 1528 1373 1581 mortalem3
1406 1528 1505 1570 ideo

187 1600 271 1642 due
308 1607 461 1643 nature
496 1601 912 1643 incommunicantes
940 1606 981 1642 et
1003 1600 1138 1641 tercia
1168 1599 1507 1653 communicans,

128 1683 172 1714 20
188 1685 372 1726 quarum
396 1670 591 1727 quelibet
605 1670 889 1727 personaliter
910 1676 975 1712 est
996 1670 1113 1710 idem
1135 1669 1281 1711 homo.
1304 1668 1362 1710 Et
1392 1667 1509 1709 illam

187 1755 420 1796 personam
443 1741 594 1784 vivere
617 1747 684 1784 est
706 1742 799 1782 eius
823 1741 978 1793 anima,
996 1746 1039 1781 et
1061 1739 1177 1781 illam
1192 1739 1342 1781 vivere
1357 1753 1509 1780 secun—

188 1810 291 1852 dum
322 1817 524 1852 naturam
557 1824 818 1866 corpoream
855 1815 920 1851 est
941 1809 1085 1851 adhuc
1116 1810 1261 1850 anima
1292 1807 1508 1851 mortalis:

188 1881 265 1923 sed
287 1879 404 1922 illam
428 1881 669 1923 secundum
692 1886 883 1922 mentem
906 1880 1059 1922 vivere
1083 1884 1148 1920 est
1181 1878 1336 1920 eadem
1368 1878 1512 1919 anima

186 1950 440 1993 naturaliter
512 1950 781 2004 immortalis,
855 1950 924 1991 cui
997 1949 1207 2004 contingit
1266 1963 1362 1990 esse
1424 1948 1511 1989 ani-

130 2034 172 2064 25
189 2036 301 2061 mam
348 2020 636 2077 corporalem,
683 2020 799 2061 unde
843 2025 1041 2061 naturam
1071 2017 1349 2074 ⁴corporalem
1394 2016 1510 2058 illam

189 2091 338 2134 vivere
390 2097 455 2132 est
516 2090 659 2132 anima
710 2090 869 2131 educta
931 2089 985 2131 de
1046 2089 1248 2145 potencia
1308 2088 1511 2140 materie3

191 2167 233 2202 et
264 2176 360 2202 cum
393 2160 684 2217 personaliter
730 2160 784 2200 sit
827 2158 900 2199 illa
946 2165 1103 2200 natura
1149 2157 1388 2214 corporalis
1421 2157 1512 2198 sive

188 2229 439 2287 materialis,
473 2231 594 2272 cuius
639 2229 849 2270 animacio
895 2229 949 2269 sit
980 2227 1053 2269 illa
1086 2228 1241 2280 anima,
1275 2243 1362 2269 non
1396 2226 1512 2283 quod

190 2300 274 2342 sint
306 2300 479 2343 diverse
512 2301 666 2355 anime,
717 2314 814 2341 cum
849 2299 904 2339 sit
936 2299 1148 2339 animacio
1183 2298 1380 2339 eiusdem
1413 2312 1512 2352 sup-

372 2384 404 2415 2.
430 2385 460 2416 3.
491 2381 542 2424 Of.
568 2379 784 2424 supra'pa‘q.
810 2383 891 2420 102,
917 2382 977 2413 lin.
1003 2383 1048 2413 11.

282 2467 311 2496 1.
338 2468 435 2507 patet
460 2476 523 2496 om.
549 2464 588 2495 B.
645 2466 676 2496 4.
706 2463 856 2495 carnalis
930 2462 968 2494 A.
1043 2463 1074 2493 ss.
1101 2472 1169 2503 que
1194 2461 1234 2494 B.
1331 2463 1451 2503 posset
1474 2460 1513 2492 P.

190 2525 219 2555 7.
237 2524 274 2555 in
306 2526 425 2555 mente
450 2524 478 2554 B
494 2523 520 2554 P
536 2523 593 2554 Pr.
691 2522 845 2563 corporis
871 2533 933 2552 om.
960 2520 1017 2551 Pr.
1124 2521 1156 2552 8.
1182 2520 1312 2551 circum
1339 2529 1514 2561 quamque

188 2581 228 2622 B,
255 2582 456 2624 circumque
482 2582 580 2613 PPr.
694 2582 724 2612 9.
751 2581 977 2611 intrinsecam
1003 2579 1042 2610 P.
1159 2579 1212 2609 12.
1232 2582 1315 2620 post
1340 2578 1408 2609 nisi
1432 2576 1513 2609 add.

190 2643 305 2672 sumat
330 2640 404 2672 eius
430 2639 720 2670 informacionem
747 2638 943 2679 ypostatice
976 2635 1140 2668 animalis
1172 2636 1239 2667 nisi
1266 2637 1304 2667 Β.
1373 2637 1426 2667 15.
1453 2645 1515 2666 na-

189 2702 266 2730 ture
285 2710 357 2739 pro
382 2709 463 2730 vere
489 2699 517 2729 B
534 2697 673 2729 CPPr.
770 2706 807 2727 se
834 2696 992 2737 opposite
1011 2695 1050 2735 B,
1077 2705 1119 2726 ex
1145 2694 1211 2725 hoc
1235 2695 1348 2736 posito
1375 2694 1456 2735 (hoc
1482 2694 1516 2724 ἰη

190 2757 261 2797 ras)
288 2756 345 2788 Pr.
444 2758 496 2790 17.
525 2766 600 2788 esse
627 2767 687 2786 om.
708 2755 748 2786 A.
816 2756 870 2785 18.
898 2757 950 2785 est
975 2765 1038 2785 om.
1058 2754 1096 2784 A.
1162 2762 1367 2794 corpoream
1393 2763 1456 2784 om.
1474 2751 1515 2782 A.

191 2815 246 2845 24.
273 2816 444 2857 contingit
461 2815 517 2847 vel
534 2826 597 2846 om.
620 2814 645 2844 C
661 2813 716 2844 Pr.
813 2814 868 2844 25.
896 2810 1111 2853 corporalem
1139 2822 1200 2842 om.
1219 2811 1259 2841 B.
1357 2811 1411 2841 26.
1438 2819 1516 2840 cum

189 2877 269 2912 post
296 2876 347 2903 est
374 2873 456 2904 add.
483 2873 510 2903 Β
529 2872 566 2903 C.
665 2873 719 2901 27.
747 2881 897 2912 persona
924 2870 949 2901 C
966 2870 1063 2900 PPr.
1161 2870 1216 2900 29.
1243 2868 1330 2900 licut
1355 2868 1395 2899 A.
