2035 3359
209 225 292 252 οΑΡ.
314 227 381 253 vn.
534 215 600 246 DE
628 214 989 248 COMPOSICIONE
1014 216 1231 250 HOMINIS.
1737 221 1815 259 117

208 333 302 376 Nec
324 340 470 376 tamen
494 339 559 376 est
581 333 719 375 maior
751 347 831 375 nec
853 333 993 375 minor
1016 336 1175 390 seipso,
1210 348 1310 377 cum
1341 334 1526 377 relativa

208 405 436 461 reciproca
481 404 643 446 faciunt
694 403 956 445 relacionem
1008 403 1061 446 ad
1122 404 1239 446 idem
1284 405 1526 446 secundum

210 475 339 516 idem.
373 473 431 516 Et
470 474 866 530 correspondenter
898 473 1165 531 loquendum
1198 481 1263 517 est
1294 475 1349 517 de
1382 481 1526 517 creato

211 545 376 600 spiritu.
411 543 521 587 Cum
554 545 668 586 enim
699 544 1060 587 transcendeneia
1092 545 1264 600 signant
1295 560 1528 602 personam

175 625 261 656 bac
314 616 552 657 essenciam
607 613 822 668 absolute,
876 620 994 669 patet
1046 614 1165 670 quod
1209 615 1270 657 sic
1323 615 1527 658 dicendo:

211 684 354 727 ‘Pater
406 685 544 726 maior
592 699 661 725 me
709 683 800 739 est’‚
863 690 1007 741 potest
1058 683 1303 727 subiectum
1348 684 1529 740 intelligi

211 754 422 811 equivoce
454 753 753 796 indifferenter
794 769 873 811 pro
910 770 1185 812 quacumque
1205 754 1377 797 illarum
1399 757 1529 798 trium

210 824 672 867 incommunicancium
696 830 965 880 naturarum,
990 841 1075 882 que
1099 840 1249 868 omnes
1282 831 1382 868 sunt
1412 825 1528 867 idem

209 893 516 951 personaliter3
550 901 593 937 et
631 909 711 951 per
749 910 1022 951 consequens
1061 895 1345 951 intelligendo
1384 897 1527 952 ipsum

155 974 196 1006 10
211 965 450 1007 secundum
482 980 642 1021 corpus
663 964 734 1008 vel
764 966 948 1007 animam
983 966 1096 1008 foret
1128 968 1392 1022 composicio
1426 967 1529 1009 satis

209 1049 328 1078 vera.
373 1034 468 1077 Nec
513 1050 568 1077 ex
613 1034 695 1077 hoc
740 1038 948 1092 sequitur,
995 1036 1113 1092 quod
1149 1043 1273 1093 pater
1305 1037 1360 1079 sit
1392 1036 1530 1079 maior

215 1120 347 1162 quam
379 1104 548 1148 Cristus
582 1106 821 1148 secundum
851 1106 1039 1164 aliquam
1063 1113 1276 1161 naturam,
1308 1106 1379 1149 vel
1413 1106 1531 1163 quod

212 1174 381 1218 Oristus
413 1176 469 1219 sit
514 1176 659 1232 seipso
705 1178 853 1219 maior.
908 1176 1314 1235 Correspondenter
1358 1177 1529 1230 dicitur,

213 1245 330 1301 quod
375 1245 459 1289 hoc
505 1246 845 1289 demonstrando
898 1254 1098 1290 naturam
1143 1262 1412 1304 corpoream,
1446 1261 1531 1304 que

155 1325 198 1356 15
213 1323 278 1359 est
307 1331 495 1373 persona
531 1317 728 1371 hominis,
770 1324 835 1359 est
871 1317 1011 1360 minus
1051 1332 1181 1375 quam
1227 1318 1307 1360 iste
1339 1317 1531 1374 spiritus,

211 1386 282 1430 vel
315 1386 383 1428 hie
416 1386 546 1430 homo
579 1387 819 1430 secundum
852 1388 1053 1442 animam,
1088 1395 1130 1431 et
1150 1403 1230 1445 per
1261 1402 1532 1444 consequens

212 1456 293 1500 iste
325 1456 459 1500 homo
511 1463 577 1500 est
630 1457 767 1500 maior
805 1458 889 1500 ista
926 1465 1094 1514 natura,
1146 1457 1249 1502 licet
1285 1458 1340 1501 sit
1377 1458 1531 1500 eadem

212 1542 423 1584 persona;
457 1534 500 1571 et
529 1534 678 1570 tamen
700 1527 807 1570 nihil
842 1535 907 1571 est
928 1530 1067 1572 maius
1097 1528 1169 1572 vel
1200 1529 1341 1571 minus
1374 1528 1532 1585 seipso,

211 1597 282 1641 vel
314 1612 447 1655 quam
477 1597 621 1654 ipsum
656 1604 721 1640 est
751 1599 990 1641 secundum
1024 1598 1201 1655 aliquid.

154 1676 199 1708 20
271 1668 330 1710 Et
373 1667 475 1709 hinc
519 1669 668 1723 negari
715 1675 875 1725 potest,
922 1669 1039 1724 quod
1086 1669 1165 1712 iste
1211 1668 1341 1711 homo
1384 1675 1449 1711 θεῖ
1491 1668 1535 1709 in
1578 1689 1728 1750 A¹‘¹-²⁰-¹t¹³·¹¹
1747 1690 1797 1730 9110

1597 1732 1670 1757 spiri
1702 1732 1728 1750 is
1747 1732 1779 1750 m

216 1738 331 1796 pede
364 1752 440 1781 suo
472 1737 543 1781 vel
575 1739 618 1779 in
666 1754 927 1796 quacunque
955 1739 960 1794 1
988 1740 1053 1782 sui
1092 1745 1218 1796 parte
1250 1739 1537 1797 quantitativa
1576 1767 1670 1794 every
1689 1763 1759 1792 part
1778 1759 1810 1785 of

213 1808 544 1865 multiplicative
575 1808 647 1851 vel
678 1809 1000 1852 indivisibiliter
1045 1811 1240 1865 situatas,
1287 1811 1388 1866 quia
1432 1815 1536 1851 tunc
1562 1795 1816 1857 ωῗξοῗξξέἔω

214 1879 456 1921 secundum
496 1886 710 1933 naturam,
751 1880 991 1923 secundum
1038 1895 1166 1936 quam
1211 1878 1346 1921 habet
1388 1885 1536 1936 partes
1575 1868 1651 1928 12¹³?ss
1666 1867 1807 1935 ζ’ζθγῗῖἓ

213 1948 477 2004 huiusmodi,
510 1949 626 1992 foret
646 1949 791 1991 taliter
820 1950 1014 1993 situatus.
1048 1949 1181 2009 Unde
1200 1964 1287 1991 non
1319 1941 1617 2006 sequitur:part
1637 1937 1671 1963 Οἱ
1693 1935 1826 1962 himwlf'

156 2027 199 2059 25
213 2020 302 2062 Iste
336 2020 444 2063 deus
481 2026 663 2076 generat
703 2020 833 2062 istum
867 2019 996 2062 deum
1031 2026 1075 2062 et
1105 2027 1289 2076 uterque
1323 2026 1388 2062 est
1418 2020 1535 2061 idem

215 2090 336 2144 deus,
371 2105 476 2145 ergo
509 2088 629 2132 aliud
651 2095 834 2145 generat
856 2090 1052 2146 seipsum
1074 2089 1145 2132 vel
1167 2105 1214 2132 se
1248 2090 1393 2145 deum,
1427 2090 1537 2132 sicut

211 2175 298 2203 non
349 2160 559 2217 sequitur,
617 2162 700 2202 iste
753 2160 928 2217 spiritus
989 2166 1054 2203 est
1098 2160 1262 2216 ubique
1292 2175 1375 2217 per
1404 2161 1534 2202 istum

214 2229 465 2274 sensibilem
500 2229 736 2285 hominem,
771 2235 813 2272 et
844 2230 925 2273 iste
949 2231 1128 2287 spiritus
1161 2237 1226 2274 est
1257 2230 1373 2273 idem
1406 2230 1536 2273 homo

214 2300 446 2354 sensibilis,
481 2315 586 2356 ergo
620 2301 700 2343 iste
742 2300 870 2343 homo
911 2300 1126 2344 sensibilis
1167 2306 1234 2343 est
1264 2300 1428 2358 ubique
1458 2315 1538 2358 per

115 1733 145 1766 A

61 1780 120 1813 fol.
141 1781 201 1813 59⁸

448 2444 479 2475 6.
507 2443 560 2474 12.
599 2440 652 2474 Jo.
691 2442 743 2482 14,
781 2443 851 2484 28,-
882 2440 935 2483 Of.
969 2441 1098 2484 Wiclzjf,
1124 2443 1178 2474 De
1202 2441 1392 2475 benedicta
1427 2442 1539 2474 incar-

306 2501 456 2533 nacione
483 2499 536 2533 ed.
564 2500 687 2533 Hatris
712 2511 770 2543 pp.
797 2501 835 2541 43
864 2502 922 2542 183
950 2502 1009 2542 4¹3
1040 2502 1124 2542 115;
1152 2502 1230 2535 206.

307 2631 338 2663 5.
360 2629 455 2672 quod
475 2640 537 2661 om.
563 2629 592 2660 B
608 2629 635 2661 C
651 2629 706 2660 Pr.
782 2629 874 2661 dicto
898 2629 925 2661 O
946 2629 1059 2662 diccio
1074 2629 1113 2663 P.
1187 2631 1217 2663 8.
1244 2630 1542 2663 incommunican-

213 2689 306 2721 cium
333 2692 367 2720 et
392 2691 596 2720 naturarum
622 2688 680 2720 Pr.
734 2689 784 2721 18.
811 2689 925 2721 minus
943 2700 1004 2720 om.
1031 2688 1071 2721 A.
1124 2690 1174 2722 19.
1191 2690 1252 2732 qui
1278 2687 1474 2733 (quoniam)
1501 2689 1541 2721 A.

216 2749 270 2780 20.
297 2747 354 2779 hic
378 2759 445 2789 pro
471 2748 538 2779 iste
564 2746 635 2778 BP
651 2746 708 2779 Pr.
804 2749 861 2781 21.
888 2746 1048 2789 qualibet
1072 2747 1112 2779 B.
1222 2749 1276 2780 22.
1303 2748 1348 2780 sit
1373 2751 1476 2780 natus
1502 2748 1541 2783 P.

215 2806 299 2849 quia
332 2825 375 2829 —
410 2806 562 2838 situatus
596 2816 659 2839 om.
691 2804 733 2839 A.
909 2808 963 2839 24.
999 2807 1091 2838 sicut
1109 2811 1192 2849 post
1216 2807 1309 2839 unde
1336 2807 1415 2839 add.
1441 2807 1541 2840 BPr-

217 2866 271 2896 26.
300 2874 381 2907 ergo
409 2863 503 2896 idem
530 2863 627 2896 aliud
652 2863 734 2896 AP.
832 2866 883 2897 sic
907 2865 948 2897 B.
1045 2866 1099 2897 27.
1118 2866 1249 2908 ubique
1270 2885 1309 2889 —-
1339 2869 1389 2898 est
1414 2877 1477 2899 om.
1502 2866 1542 2898 B.
