2035 3359
200 228 280 254 CAP.
311 214 362 273 v.]
512 229 576 260 DE
605 228 962 261 COMPosicioNE
992 227 1201 260 Hormus.
1740 215 1791 251 81

185 334 464 376 Aristotelem
499 340 542 375 et
575 334 682 376 alios
728 332 1017 389 philosophos
1064 331 1185 388 loqui
1219 332 1273 372 de
1306 330 1504 386 partibus

186 406 339 447 anime.
390 404 476 446 Sed
512 420 607 446 cum
642 420 727 446 nou
760 405 813 446 sit
846 403 1135 445 laborandum
1182 403 1222 443 in
1268 400 1504 456 equivocis,

187 481 396 516 vocentur
433 474 570 516 forme
604 473 925 530 particulariter
948 472 1254 529 presupposite
1279 484 1409 512 cause
1445 470 1506 510 in-

187 545 372 586 trinsece
412 545 634 601 disposite,
682 551 724 586 et
766 559 852 585 non
890 550 1036 600 partes
1076 541 1374 599 quantitative,
1410 553 1508 580 cum

152 623 171 653 5
190 614 384 671 quelibet
405 614 721 670 multiplicetur
743 629 822 670 per
844 629 969 656 suum
994 612 1232 656 essenciale
1265 611 1507 653 subiectum

189 684 314 726 nobis
347 684 552 726 sensibile
574 684 645 727 vel
670 684 941 737 insensibile3
967 684 1084 740 quod
1114 683 1149 725 si
1170 682 1371 738 predicta
1392 681 1507 736 prin-

190 754 303 809 cipia
343 761 557 796 vocentur
602 761 762 812 partes,
809 755 1008 796 dicantur
1050 758 1195 810 partes
1243 753 1510 806 integrantes

190 823 261 866 vel
294 826 608 867 constituentes
639 840 726 868 non
760 826 1000 881 quantitate
1034 822 1172 877 molis,
1216 823 1291 865 sed
1323 821 1510 864 virtutis.

250 893 308 935 Et
339 895 423 936 ista
457 901 522 937 est
565 894 800 937 consimilis
844 894 1061 936 locucioni
1107 894 1162 935 de
1196 890 1511 945 accidentibus,
1528 895 1566 921 So
1586 895 1608 920 it
1628 894 1653 919 is
1679 894 1742 919 2¹⁵0
1770 901 1802 918 ³⁵

1555 934 1584 955 to
1600 930 1770 961 accident33

135 970 175 1001 10
194 979 279 1019 que
311 964 494 1006 multum
545 964 772 1007 conferunt
816 965 871 1006 ad
915 964 1119 1006 noticiam
1161 962 1383 1019 quiditatis
1416 960 1510 1003 sub·
1529 965 1803 1024 e-gx-'vffigffofflzons

195 1035 376 1088 staneie3
416 1041 463 1076 ut
497 1036 815 1092 proporciones
838 1033 1100 1091 multiplices
1126 1033 1327 1075 dicuntur
1348 1031 1514 1073 habere
1529 1033 1807 1103 ἐζζίζξξὲζξοζξξγ

196 1103 414 1160 quotlibet
459 1111 606 1160 partes
653 1105 960 1161 quantitativas
1006 1104 1242 1160 disparium
1276 1102 1514 1156 racionum,
1589 1105 1676 1130 made
1696 1112 1746 1135 ¹¹1³·

194 1189 292 1216 cum
325 1182 470 1217 tamen
505 1190 653 1217 omnes
694 1176 778 1216 sint
820 1173 1106 1216 indivisibiles
1153 1173 1295 1231 quoad
1342 1170 1515 1215 molem.

197 1244 346 1302 Dupla
366 1252 511 1288 tamen
533 1247 765 1302 proporcio
789 1245 1007 1302 preexigit
1028 1243 1259 1286 causaliter
1285 1242 1517 1284 intrinsece

140 1320 180 1350 15
196 1316 240 1356 in
262 1315 456 1358 subiecto
482 1315 815 1373 sesquialteram
850 1322 892 1358 et
921 1314 1252 1371 sesquiterciam
1275 1328 1372 1355 cum
1396 1317 1517 1368 quot-

197 1384 305 1427 libet
354 1385 603 1428 huiusmodi
649 1385 875 1439 similibus,
935 1391 977 1427 et
1020 1385 1081 1426 sic
1122 1384 1263 1439 figura
1307 1382 1521 1439 quadrata

201 1462 371 1498 constat
432 1458 719 1513 quantitative
776 1472 830 1498 ex
888 1454 1138 1511 treangulis.
1207 1453 1266 1494 Et
1322 1452 1520 1508 quadrati

199 1527 369 1568 numeri
403 1527 540 1569 eciam
567 1534 888 1583 componuntur
918 1525 1205 1583 quantitative
1237 1538 1291 1564 ex
1322 1522 1520 1578 partibus

203 1596 443 1652 disparium
486 1598 746 1654 specierum,
794 1604 836 1639 et
879 1598 941 1639 sic
984 1596 1185 1639 locuntur
1216 1591 1523 1648 methaphisici

140 1668 184 1699 20
203 1666 258 1708 de
301 1667 393 1709 istis
438 1667 752 1721 accidentibus,
801 1682 985 1723 quorum
1029 1665 1176 1709 verbis
1208 1662 1388 1705 indubie
1422 1661 1521 1703 sub-

205 1743 341 1778 strata
374 1744 438 1779 est
469 1753 574 1779 vera
607 1738 866 1779 substancia.

264 1806 395 1848 Unde
439 1806 700 1850 Aristoteles
744 1811 787 1847 2⁰
833 1807 885 1848 de
930 1807 1071 1847 anima
1116 1812 1183 1846 ca0
1223 1808 1267 1844 60
1301 1807 1525 1858 comparat
1567 1814 1737 1844 According
1756 1818 1786 1837 ιο

202 1882 350 1932 partes
391 1877 532 1918 anime
571 1878 626 1919 ad
673 1877 966 1919 continencias
999 1875 1253 1930 figurarum,
1299 1888 1383 1929 que
1414 1873 1527 1913 inter
1570 1849 1783 1880 Ammsse’as

388 2022 417 2051 ἱ).
446 2019 500 2061 C'f.
525 2030 638 2060 supra
659 2029 742 2059 pass.
768 2018 810 2048 77
839 2017 897 2048 ἰί-η.
924 2019 978 2049 10.
1076 2018 1126 2047 15.
1157 2013 1255 2055 Conf.
1281 2013 1385 2045 Arist.
1406 2012 1524 2044 Probl.

294 2079 375 2110 XIX
402 2080 443 2110 41
473 2078 530 2118 (ed
556 2077 661 2108 Paris
690 2076 749 2108 IV
766 2078 846 2115 212,
872 2077 908 2116 2)
935 2100 942 2107 .
965 2100 971 2107 .
992 2099 999 2106 .
1027 2073 1144 2106 ὄντων
1168 2072 1199 2104 δ’
1218 2069 1391 2115 ἡμιολίων
1417 2072 1527 2113 τριῶν

296 2133 378 2180 ἑξῆς
403 2135 583 2180 ἀριθμῶν.
712 2136 767 2166 22.
801 2133 944 2165 Aristot.
979 2133 1021 2165 de
1055 2133 1173 2164 anima
1204 2132 1238 2163 Π
1269 2133 1288 2163 3
1324 2131 1405 2171 (uon
1436 2133 1469 2170 Gj
1508 2130 1527 2160 G

297 2196 360 2237 (ed.
388 2196 493 2227 Paris
522 2194 593 2226 III.
619 2195 698 2234 447,
730 2194 785 2232 52,
818 2193 891 2233 88..)
924 2188 1194 2234 Παραπλησίως
1219 2186 1336 2232 δ’ἔχει
1362 2190 1411 2231 τῷ
1446 2184 1529 2230 περὶ

251 2341 281 2370 1.
299 2337 484 2369 Platonem
500 2339 533 2368 et
548 2334 772 2367 Aristotelem
791 2332 858 2364 ΑΒ
871 2332 948 2364 ΟΡ.
1011 2334 1041 2363 3.
1056 2334 1127 2362 tam
1146 2341 1215 2372 pro
1237 2340 1343 2361 cause
1362 2327 1528 2359 BCPFr.

206 2398 236 2429 5.
264 2395 518 2438 multiplicatur
543 2394 600 2425 Pr.
721 2394 751 2424 6.
784 2391 840 2423 vel
869 2410 907 2414 *—
936 2393 1053 2432 partes
1086 2401 1150 2421 om.
1175 2389 1233 2429 Pr,
1313 2390 1342 2420 7.
1370 2387 1531 2418 dicantur

206 2459 322 2499 partes
348 2467 410 2488 om.
438 2454 537 2486 APr.
603 2454 634 2486 9.
661 2451 835 2484 locucioni
863 2452 889 2481 A
905 2450 933 2481 B
950 2449 987 2481 C.
1053 2450 1107 2480 11.
1127 2447 1182 2480 vel
1201 2459 1271 2489 pro
1297 2449 1335 2478 ut
1360 2446 1426 2477 AB
1438 2444 1530 2477 PPr.

211 2518 263 2547 14.
290 2516 348 2546 2³¹⁰
370 2514 412 2554 A,
440 2512 582 2554 duplam
613 2511 705 2543 enim
731 2509 941 2552 proponitur
974 2510 1006 2539 et
1032 2508 1212 2549 preexegit
1236 2505 1352 2537 taliter
1377 2504 1434 2543 Pr,
1459 2513 1532 2545 pre-

208 2574 375 2615 supponit
408 2575 441 2604 et
473 2570 646 2613 preexigit
679 2569 718 2601 C.
828 2569 882 2599 15.
916 2567 1016 2607 sequi
1048 2564 1239 2598 secundam
1273 2566 1306 2595 et
1336 2562 1435 2604 sequi
1466 2564 1532 2592 ter-

213 2633 303 2664 ciam
333 2631 390 2662 Pr.
513 2631 565 2661 16.
597 2626 799 2660 huiusmodi
838 2637 899 2658 om.
938 2624 1021 2665 BC,
1059 2623 1208 2666 quilibet
1237 2623 1279 2662 B,
1311 2620 1469 2664 quolibet
1495 2619 1533 2650 C.

208 2690 321 2733 figura
356 2688 524 2731 trianguli
551 2689 690 2720 constat
712 2686 754 2727 A,
855 2686 905 2718 17.
932 2682 1126 2725 treangulis
1161 2680 1416 2725 quadrangulis
1450 2687 1534 2720 qua-

210 2749 318 2780 dratis
349 2748 390 2789 B,
422 2746 616 2788 treangulis
644 2748 678 2777 et
710 2747 860 2786 quatuor
887 2742 1028 2785 angulis
1055 2740 1081 2772 C
1109 2738 1362 2783 quadrangulis
1392 2740 1425 2769 et
1451 2746 1534 2779 qua-

212 2807 320 2839 dratis
347 2807 386 2838 P.
489 2807 540 2838 19.
570 2804 785 2836 diversarum
815 2803 841 2834 A
860 2802 900 2833 13.
996 2802 1051 2832 20.
1071 2801 1125 2831 21.
1153 2798 1333 2831 subtracta
1349 2796 1377 2828 B
1395 2795 1421 2827 C
1436 2795 1463 2826 P
1479 2794 1535 2825 Pr.

213 2868 265 2898 est
289 2874 360 2897 una
386 2874 496 2896 suam.
522 2863 550 2894 B
566 2862 593 2893 P
608 2862 664 2893 Pr.

1399 2914 1418 2943 6
