2035 3359
160 225 242 252 cAP.
265 214 320 273 ν]
492 228 558 260 DE
586 228 943 262 COMPOSICIONE
970 227 1182 261 HOMINIS.
1723 218 1775 255 99

158 333 313 375 eodem
335 335 577 390 supposito,
599 340 704 376 tunc
724 333 764 375 A
788 335 874 376 iam
897 340 963 375 est
984 333 1066 375 hec
1089 339 1244 375 natura
1268 347 1482 387 corporea

157 418 212 446 ex
232 404 264 444 B
299 409 341 446 et
371 403 410 445 A
432 405 667 458 integrata,
693 409 736 446 et
758 403 905 446 ablata
930 403 963 444 Β
999 404 1081 445 erit
1112 408 1280 445 tantum
1314 402 1484 459 reliqua

156 488 259 530 pars
283 474 572 530 quantitativa
594 474 790 516 eiusdem
819 480 974 516 nature
1003 488 1229 530 corporee,
1255 488 1358 528 ergo
1381 478 1485 513 tunc

158 543 239 585 erit
287 542 417 598 aliud,
464 558 595 600 quam
644 559 759 586 nunc
807 551 875 586 est
906 544 1053 598 modo,
1099 542 1171 586 vel
1213 542 1339 584 aliter
1369 557 1484 584 nunc

123 620 225 655 5est
248 612 465 669 quotlibet
491 619 639 669 partes
672 614 764 655 eius
798 614 1108 671 quantitative,
1143 620 1185 656 et
1218 628 1314 655 cum
1340 613 1486 654 anima

160 682 353 725 humana
383 698 470 726 non
516 683 570 725 de
613 685 875 726 necessitate
907 690 1060 727 nature
1100 683 1363 726 determinat
1403 682 1485 724 sibi

160 751 352 809 aliquam
404 754 646 808 materiam,
699 755 909 810 sequitur,
968 754 1085 810 quod
1139 753 1336 811 quelibet
1381 768 1486 810 pars
1500 766 1545 819 ⁸3,
1548 759 1778 826 ggofflgfftffin

160 823 449 879 quantitativa
484 823 673 866 hominis
706 824 820 866 sicut
859 830 901 866 et
946 823 1201 880 qualitativa
1246 824 1300 865 sit
1338 823 1485 877 homo,
1509 814 1772 865 infinitelylittle‘

160 892 278 949 quod
316 892 492 935 videtur
534 893 747 949 mirabile,
795 908 894 936 cum
927 899 1031 935 tunc
1072 893 1289 935 infinitum
1322 908 1484 950 parvus

102 972 145 1002 10
158 961 272 1005 foret
295 964 433 1005 omnis
465 962 614 1017 homo,
650 970 692 1006 et
724 979 811 1006 non
833 962 1002 1006 valeret
1023 965 1221 1020 parcium
1258 964 1485 1005 discrecio.

160 1032 218 1074 Et
239 1032 355 1075 idem
389 1040 693 1089 argumentum
727 1035 922 1090 tangitur
952 1034 995 1075 in
1019 1034 1073 1076 de
1100 1034 1284 1077 materia
1309 1033 1362 1075 de
1386 1048 1487 1088 aug-

158 1103 432 1146 mentacione
465 1110 508 1146 et
532 1104 576 1145 in
597 1104 682 1146 hoc
705 1104 975 1161 sophismate
998 1105 1129 1147 ‘totus
1163 1120 1236 1146 sor
1259 1110 1325 1147 est
1346 1104 1488 1146 minor

161 1171 263 1226 sor',
284 1179 327 1215 et
346 1172 482 1216 habet
503 1174 716 1216 maiorem
739 1173 934 1217 colorem
955 1190 1095 1231 penes
1119 1189 1209 1231 eos,
1233 1175 1307 1231 qui
1324 1174 1488 1228 dicunt,

164 1243 283 1300 quod
313 1250 471 1286 natura
503 1259 731 1301 corporea,
765 1243 905 1286 altera
926 1260 1028 1301 pars
1055 1245 1346 1302 quantitativa
1369 1258 1487 1285 com-

108 1321 148 1352 15
164 1314 294 1370 positi
326 1314 529 1369 hominis,
564 1315 618 1357 sit
639 1314 786 1369 homo,
818 1315 922 1372 quia
952 1322 1123 1357 certum
1154 1316 1343 1370 videtur,
1368 1313 1487 1370 quod

163 1383 239 1426 illa
269 1383 406 1426 habet
428 1390 576 1441 partes
601 1385 928 1441 quantitativas,
963 1385 1122 1441 quibus
1158 1385 1380 1428 derelictis
1405 1385 1488 1426 erit

163 1453 309 1496 totalis
339 1460 494 1497 nature
528 1470 757 1512 corporee.

223 1524 308 1566 Hic
341 1525 511 1580 dicitur,
546 1525 666 1581 quod
700 1525 756 1567 ad
785 1525 1102 1582 cuiuscumque
1132 1527 1317 1568 materie
1346 1524 1488 1568 varia·
1538 1529 1653 1564 Rep1y=
1674 1530 1750 1554 with

1545 1566 1684 1590 increase
1705 1571 1739 1590 οῖ’

165 1596 333 1637 cionem
374 1596 689 1652 quodcumque
722 1595 883 1638 animal
947 1602 1012 1638 est
1074 1595 1194 1637 aliud
1246 1595 1783 1660 seeunduffla‘ffffijffss‘gssoffis

104 1672 147 1703 20
162 1666 405 1720 materiam,
439 1664 542 1708 licet
574 1671 750 1707 maneat
778 1666 896 1707 idem
930 1666 1174 1708 secundum
1205 1666 1406 1721 formam,
1447 1671 1490 1706 et
1502 1671 1594 1731 33112152
1607 1670 1782 1736 ffifgiffig}

162 1750 242 1793 per
273 1751 545 1792 consequens
579 1737 718 1778 omnis
757 1735 890 1779 homo
931 1751 1017 1779 non
1052 1743 1200 1793 potest
1233 1751 1330 1778 esse
1364 1735 1487 1789 alius,
1503 1741 1780 1810 forn31333223132t00

161 1804 245 1847 hoc
278 1812 343 1848 est
386 1821 482 1848 esse
515 1805 602 1848 alia
638 1821 843 1864 persona,
886 1821 1016 1863 quam
1059 1813 1125 1848 est
1158 1806 1213 1849 de
1244 1807 1375 1861 facto,
1411 1805 1489 1848 sed
1545 1810 1744 1842 ofitsparts-

161 1881 308 1931 potest
341 1891 438 1918 esse
462 1875 596 1930 aliud,
628 1877 672 1917 id
698 1882 765 1918 est
786 1876 870 1918 alia
891 1882 1068 1930 natura,
1091 1876 1490 1935 correspondenter

159 1944 327 1988 nullum
361 1945 522 1987 animal
558 1952 623 1988 est
668 1945 787 1988 aliud
821 1945 893 1988 vel
925 1952 1074 2003 potest
1106 1961 1202 1989 esse
1235 1946 1353 1988 aliud
1387 1962 1488 2003 sup-

104 2021 146 2052 25
161 2017 365 2071 positum,
399 2016 502 2058 licet
544 2022 693 2072 potest
739 2031 836 2058 esse
876 2015 1008 2072 aliud,
1042 2016 1085 2057 id
1120 2023 1185 2059 est
1217 2016 1301 2058 alia
1332 2023 1488 2059 natura

347 2134 400 2165 12.
433 2131 486 2174 Of.
512 2132 617 2164 Arist.
652 2132 695 2165 de
722 2135 956 2175 generatione
983 2137 1017 2165 et
1043 2134 1270 2176 corruptione
1295 2133 1312 2164 Ι
1338 2137 1368 2166 5.
1404 2133 1489 2174 (Ed.

253 2191 369 2223 Paris.
399 2191 446 2223 ΙΙ
466 2191 534 2223 441
558 2192 622 2232 ,93)
665 2191 722 2223 De
747 2202 826 2224 voce
851 2203 909 2223 sor
932 2193 1015 2233 ipsa
1039 2191 1116 2225 vide
1142 2190 1355 2232 ,Addenda⁷.

206 2275 238 2305 1.
262 2274 333 2305 iam
367 2284 435 2305 nuc
473 2272 586 2315 (solito
615 2283 733 2305 errore
764 2285 835 2315 pro
872 2273 979 2316 nunc)
1012 2274 1052 2305 P.
1111 2276 1141 2305 2.
1176 2285 1218 2305 ex
1248 2276 1387 2305 tantum
1422 2273 1493 2305 alia

160 2332 337 2374 integrata
375 2332 488 2371 PPr.,
528 2342 569 2363 ex
612 2331 685 2363 alia
722 2333 902 2374 integrata
942 2332 1026 2364 BC.
1147 2334 1179 2364 4.
1219 2343 1314 2364 nunc
1351 2343 1414 2364 om.
1452 2332 1492 2363 P.

161 2391 192 2422 7.
218 2389 327 2422 aliam
352 2390 410 2421 Pr.
508 2390 554 2421 sit
574 2401 644 2432 pro
671 2390 831 2432 quelibet
848 2390 889 2422 A.
987 2391 1018 2422 8.
1044 2391 1090 2422 sit
1119 2390 1224 2422 homo
1252 2393 1285 2422 et
1310 2401 1382 2422 non
1400 2390 1496 2422 valet

161 2449 320 2491 parcium
346 2460 408 2481 om.
428 2449 502 2481 rell.
522 2448 562 2480 B.
661 2450 690 2480 9.
713 2450 765 2480 10.
793 2452 878 2480 tunc
898 2453 927 2481 ef.
946 2449 1061 2481 omnis
1081 2460 1142 2481 om.
1170 2448 1212 2490 A,
1230 2452 1316 2481 tunc
1344 2460 1396 2480 om
1435 2448 1493 2487 Pr,

158 2507 294 2540 valeret
318 2519 379 2539 om.
399 2507 439 2539 P.
494 2510 529 2538 11
570 2507 652 2539 inde
678 2506 718 2538 A.
771 2508 899 2539 1213.
927 2508 1039 2538 minor
1068 2510 1161 2539 sorte
1190 2507 1228 2540 C.
1281 2508 1334 2538 14.
1362 2508 1391 2538 si
1416 2510 1496 2549 post

161 2565 259 2608 quod
285 2566 369 2598 add.
396 2565 469 2597 AB
488 2564 514 2597 O
530 2566 585 2597 Pr.
684 2566 738 2597 14.
768 2568 821 2598 15.
850 2566 1035 2608 compositi
1063 2576 1125 2597 om..
1144 2566 1184 2597 P.
1286 2567 1347 2598 16.
1372 2564 1433 2596 ille
1457 2566 1496 2597 P.

160 2626 214 2656 16.
252 2634 321 2666 que
361 2625 403 2665 A,
441 2624 609 2656 derelicto
650 2624 729 2656 AP.
828 2626 882 2656 20.
922 2628 1086 2656 naturam
1120 2636 1190 2666 pro
1230 2625 1415 2656 materiem
1456 2623 1495 2655 C.

158 2685 278 2714 manet
302 2682 332 2714 A
348 2682 446 2714 OPr.
545 2685 599 2714 21.
621 2684 676 2714 22.
703 2682 794 2714 alius
821 2683 925 2714 homo
954 2686 1007 2715 est
1032 2687 1149 2714 tamen
1173 2682 1248 2715 alia
1274 2687 1400 2715 natura
1426 2694 1496 2715 non

157 2740 229 2772 alia
253 2751 405 2782 persona
430 2741 470 2772 B.
568 2743 622 2773 22.
649 2741 717 2772 hoc
736 2744 790 2772 est
808 2751 887 2773 esse
916 2741 988 2772 alia
1015 2751 1085 2772 non
1115 2741 1187 2773 alia
1207 2740 1245 2782 C,
1271 2742 1338 2773 hoc
1357 2744 1408 2773 est
1427 2741 1498 2773 alia

156 2809 227 2831 non
253 2809 407 2842 persona
434 2800 471 2840 P,
498 2799 564 2832 hoc
594 2802 646 2831 est
672 2810 742 2832 non
770 2800 841 2832 alia
857 2799 914 2832 Pr.
1006 2801 1061 2832 ⁶23.
1090 2803 1123 2832 et
1143 2811 1215 2841 pro
1232 2800 1268 2831 id
1287 2800 1380 2832 eztss
1398 2800 1496 2831 CPr.

156 2859 211 2890 24.
238 2862 331 2891 esset
352 2870 420 2900 pro
445 2862 562 2901 potest
591 2869 670 2890 esse
695 2860 740 2892 B.
815 2861 870 2892 24.
898 2862 953 2891 25.
981 2860 1202 2901 suppositum
1229 2859 1327 2891 aliud
1352 2870 1415 2891 om.
1440 2859 1499 2890 Pr.

1331 2916 1373 2947 γει
