2035 3359
161 255 244 280 OAP.
268 244 333 302 1V.]
488 257 554 288 DE
582 255 939 288 COMPOSICIONE
965 253 1176 286 HOMINIS.
1716 239 1767 275 65

159 369 224 405 est
267 367 396 418 caput
440 367 560 402 tuum
606 367 648 402 et
690 361 749 401 ita
783 360 836 401 de
880 360 1045 400 ceteris.
1092 358 1177 399 Per
1219 358 1301 398 ista
1350 363 1480 412 patet,

160 432 277 488 quod
316 430 474 472 nullius
514 431 648 486 partis
694 430 979 486 quantitative
1024 428 1179 480 anima,
1211 427 1350 467 forma
1383 425 1480 467 sub-

160 501 377 543 stancialis
425 500 496 541 vel
541 500 728 556 quiditas
774 499 826 539 sit
871 498 1059 554 quiditas
1094 498 1159 539 sui
1196 497 1346 549 tocius,
1382 496 1483 550 quia

158 576 261 611 tunc
292 570 407 611 idem
442 576 557 611 esset
590 569 784 610 essencia
805 569 943 609 tocius
968 574 1009 609 et
1031 567 1178 622 partis,
1202 573 1248 607 ut
1278 572 1398 621 patet
1432 579 1485 605 ex

126 654 291 683 5scnsu
314 640 525 695 exposito,
561 639 628 679 Ex
662 653 745 694 quo
771 644 903 693 patet,
930 637 1046 693 quod
1069 651 1154 678 non
1188 642 1252 676 est
1284 633 1415 685 color,
1451 634 1484 674 si

159 726 260 766 pars
306 709 438 751 habet
492 708 744 750 huiusmodi
800 708 1069 763 quiditatem7
1126 719 1228 760 ergo
1276 710 1318 745 et
1360 718 1483 745 suum

159 786 309 821 totum.
346 779 432 821 Sed
467 785 531 820 est
561 778 644 820 hec
675 777 847 819 fallacia
879 777 1129 828 accidentis,
1163 775 1265 816 dum
1299 789 1485 816 commu-

159 857 275 891 tatur
291 849 393 905 quid
409 850 450 889 in
472 848 589 890 aliud
615 848 738 904 quid3
763 855 804 889 et
827 846 1038 903 quidquid
1062 845 1195 886 habet
1217 860 1330 901 pars7
1354 842 1488 884 habet

163 926 205 961 et
237 935 360 961 suum
394 925 545 968 totum,
579 919 621 959 in
655 919 776 959 cuius
810 924 874 959 est
907 931 1025 973 pars3
1071 916 1197 957 istam
1230 914 1486 970 quiditatem

109 990 296 1033 10habet
340 1004 456 1046 pars,
504 1004 606 1045 ergo
640 990 765 1030 istam
799 988 1055 1044 quiditatem
1100 986 1232 1027 habet
1278 991 1319 1026 et
1363 999 1486 1025 suum

163 1067 313 1102 totum.
376 1060 427 1101 In
465 1060 557 1101 istis
591 1059 764 1115 quidem
807 1057 1036 1099 abstractis
1084 1062 1148 1098 est
1180 1056 1294 1097 idem
1329 1054 1488 1106 dicere,

162 1131 287 1171 istam
306 1130 560 1186 quiditatem
579 1129 712 1170 habet
734 1128 818 1169 hoc
840 1129 1070 1182 integrum,
1096 1131 1138 1166 et
1160 1125 1244 1166 hoc
1267 1125 1485 1179 integrum

165 1200 298 1241 habet
330 1200 549 1241 istammet
583 1200 854 1254 quiditatem.

227 1270 311 1312 Sed
346 1285 424 1327 pro
449 1269 598 1311 ordine
621 1269 859 1311 formarum
882 1270 923 1309 in
947 1267 1121 1309 homine
1146 1272 1210 1308 est
1232 1265 1484 1317 notandum,
1595 1280 1697 1319 qurg

112 1355 149 1385 15
168 1340 283 1397 quod
302 1339 445 1393 1101110,
464 1340 574 1381 sicut
597 1346 637 1380 et
660 1338 873 1396 quotlibet
895 1339 1078 1380 mixtum
1102 1336 1234 1378 habet
1257 1334 1486 1387 elementa,
1504 1317 1780 1390 pai-ffssriiltnaaiififfis

168 1425 223 1452 ex
256 1425 439 1466 quorum
473 1411 661 1451 mixtura
695 1408 935 1451 secundum
976 1413 1121 1464 partes
1153 1406 1277 1448 nobis
1311 1406 1488 1446 insensi—
1514 1383 1780 1460 {usgfcgsalthfgsrgm

169 1480 276 1521 biles
309 1479 379 1521 vel
412 1479 615 1522 athomos
648 1479 786 1520 forme
832 1477 1114 1535 superaddite
1158 1474 1380 1517 resultant.
1434 1474 1492 1515 Et
1506 1454 1785 1514 fgffisblilgduiiefssslr

169 1551 228 1591 sic
263 1549 456 1606 quelibet
486 1565 587 1607 pars
631 1549 916 1606 quantitativa
948 1548 1132 1589 hominis
1168 1546 1367 1587 distincte
1400 1525 1581 1586 sen-eaell
1610 1526 1781 1556 aggregate'

171 1619 305 1662 sibilis
338 1619 473 1661 habet
516 1619 698 1662 formam
744 1618 1070 1675 superadditam
1113 1632 1192 1674 per
1225 1622 1361 1657 totum
1395 1614 1493 1656 sub—

111 1692 329 1735 ‘20iectum
362 1692 549 1748 primum
583 1688 925 1746 multiplicatam,
962 1694 1002 1729 et
1037 1686 1164 1728 aliam
1197 1685 1332 1727 habet
1373 1700 1418 1726 os
1455 1692 1495 1726 et

171 1760 298 1802 aliam
331 1775 505 1814 nervus,
541 1766 583 1801 et
616 1761 676 1801 sic
712 1759 764 1800 de
799 1758 890 1800 aliis
926 1757 1167 1799 secundum
1218 1755 1493 1812 disparitates

171 1838 421 1872 naturarum
455 1831 525 1884 ita,
576 1829 689 1886 quod
724 1829 894 1884 precise
938 1834 1002 1870 tot
1034 1834 1132 1869 sunt
1169 1826 1306 1868 forme
1347 1840 1494 1882 super-

172 1900 319 1942 addite
371 1902 412 1941 in
466 1914 740 1956 quocumque
793 1900 944 1947 mixto,
1000 1903 1105 1953 quot
1157 1902 1255 1938 sunt
1301 1895 1496 1937 subiecta

173 1971 349 2011 minima
373 1969 444 2011 vel
467 1971 601 2026 ipsius
623 1968 951 2025 participancia,
988 1982 1072 2022 que
1096 1965 1313 2007 sufficiunt
1334 1964 1496 2007 formas

116 2055 158 2085 ‘25
171 2040 419 2082 huiusmodi
446 2040 703 2081 subiectare.
727 2037 979 2079 Subiectum
997 2043 1141 2078 autem
1165 2034 1259 2077 talis
1277 2035 1413 2077 forme
1434 2040 1499 2075 est

175 2117 460 2165 aggregatum
495 2126 548 2151 ex
582 2109 817 2160 elementis,
857 2122 939 2163 que
973 2107 1030 2147 ita
1062 2104 1368 2147 insensibiliter
1400 2110 1498 2145 sunt

174 2181 411 2236 proposita,
450 2180 568 2236 quod
598 2194 724 2221 nemo
759 2177 945 2220 sufficiet
976 2178 1071 2233 ipsa
1104 2191 1235 2217 sensu
1269 2175 1497 2228 distruere,

235 2300 264 2329 1.
292 2301 326 2330 et
351 2309 415 2330 om.
443 2297 469 2329 C
496 2298 553 2337 Pr,
574 2301 607 2329 et
621 2307 682 2339 per
696 2297 764 2327 ista
782 2296 840 2334 Pr,
858 2305 918 2336 pro
938 2295 1005 2326 ista
1022 2294 1062 2325 P.
1158 2295 1190 2325 4.
1211 2296 1304 2325 esset
1320 2304 1381 2324 om.
1413 2292 1441 2323 B
1458 2291 1498 2323 C.

177 2359 207 2388 5.
235 2357 428 2398 composito
456 2356 486 2387 A
513 2356 706 2397 composito
732 2366 799 2396 pro
815 2365 919 2386 sensu
936 2354 1092 2395 exposito
1120 2353 1158 2383 P.
1254 2353 1284 2383 6.
1305 2351 1373 2383 Sed
1388 2354 1439 2382 est
1456 2370 1501 2373 —

177 2426 279 2446 suum
310 2426 384 2455 om,
410 2418 532 2456 totum,
561 2415 660 2446 cuius
679 2417 732 2446 est
748 2424 828 2455 pars
844 2416 876 2445 et
894 2413 996 2444 istam
1016 2411 1221 2453 quiditatem
1238 2410 1344 2442 habet
1361 2420 1452 2451 pars,
1469 2413 1502 2441 et

176 2474 279 2504 istam
299 2473 504 2515 quiditatem
524 2473 630 2504 habet
649 2483 750 2504 suum
769 2475 879 2503 totum
897 2472 1042 2502 inseruit
1061 2470 1106 2500 Pr
1169 2471 1197 2500 7.
1218 2468 1286 2501 Sed
1301 2470 1350 2500 sic
1370 2472 1419 2500 est
1438 2469 1502 2500 hec

178 2531 305 2562 falsum
333 2531 373 2569 A,
400 2532 464 2563 hec
490 2543 552 2564 om.
581 2530 618 2562 C.
716 2533 745 2562 8.
774 2530 859 2572 quid
885 2529 928 2560 ad
955 2528 1089 2570 aliquid
1114 2528 1141 2558 B
1158 2528 1197 2559 P.
1284 2529 1313 2559 9.
1342 2531 1375 2559 et
1400 2538 1501 2558 suum

179 2601 240 2621 om.
268 2589 305 2621 C.
325 2591 361 2621 in
388 2591 487 2621 cuius
516 2593 567 2621 est
592 2600 672 2631 pars
699 2600 760 2620 om.
788 2589 870 2629 BP,
897 2589 932 2618 in
960 2592 989 2619 et
1015 2597 1093 2628 pars
1119 2597 1180 2617 om.
1209 2585 1246 2617 C.
1332 2586 1433 2616 istam
1461 2604 1500 2607 -—

179 2652 289 2680 totum
316 2660 377 2680 om.
404 2654 434 2680 et
461 2651 522 2679 etc.
558 2648 640 2679 carm.
675 2647 816 2684 BPPr,
844 2646 951 2677 habet
977 2656 1076 2677 suum
1106 2643 1143 2675 C.
1244 2645 1294 2675 13.
1321 2644 1505 2685 ipsammet

179 2706 206 2737 B
224 2706 320 2738 CPr.
349 2717 430 2747 pars
457 2718 517 2738 om.
546 2706 587 2737 A.
710 2707 762 2737 ΕΟ.
791 2704 1045 2745 multiplicatas
1074 2706 1108 2734 et
1135 2702 1222 2733 alias
1248 2702 1356 2733 habet
1380 2701 1443 2733 has
1470 2705 1503 2733 et

180 2765 286 2796 allam
312 2765 419 2797 habet
443 2775 572 2796 nervus
597 2765 625 2795 B
653 2765 780 2795 vermis
814 2775 883 2805 pro
920 2773 1046 2794 nervus
1073 2761 1155 2800 AC,
1196 2761 1237 2792 de
1272 2760 1348 2792 aliis
1375 2772 1436 2791 om.
1464 2760 1503 2791 B.

182 2825 235 2855 22.
261 2824 427 2865 precipue
452 2824 491 2855 A.
589 2824 643 2854 ⁶25.
672 2823 776 2854 huius
802 2822 842 2860 A,
870 2821 1071 2853 substancie
1104 2820 1143 2851 B.
1241 2821 1293 2851 26.
1322 2830 1362 2850 ex
1389 2819 1437 2850 eis
1463 2819 1502 2849 A.

183 2884 216 2912 et
237 2893 304 2922 pro
332 2892 399 2924 que
418 2882 456 2912 B.
557 2884 610 2913 27.
639 2891 681 2913 ea
702 2892 771 2922 pro
797 2881 874 2921 ipsa
900 2880 939 2920 B,
965 2882 1123 2920 tempora
1142 2877 1179 2908 C.

1379 2937 1399 2966 5
