2035 3359
171 238 253 264 CAP.
278 229 344 283 vr]
473 241 536 272 DE
563 240 924 273 COMPOSICIONE
949 240 1164 273 HOMINIS.
1688 230 1767 267 109

223 343 485 387 Aristoteles
508 351 651 387 autem
675 345 885 387 describit
914 345 1117 399 animam,
1142 359 1225 402 que
1248 349 1313 385 est
1343 343 1482 386 forma
1514 354 1749 415 ssggssg'ossssfenffi

167 414 220 455 de
254 415 459 470 potencia
489 416 672 457 materie
707 415 878 457 educta.
930 416 989 457 Et
1020 420 1143 471 patet
1175 415 1329 471 primo,
1366 413 1481 470 quod
1516 426 1755 485 blqggzstigffietge

1606 480 1612 493 2

166 485 378 527 animaeio
427 485 670 541 corporalis
715 487 757 526 in
795 486 972 528 homine
1010 501 1097 528 non
1137 485 1361 526 constituit
1398 484 1483 526 for-
1498 495 1775 555 Vffitcvgaoeitffaffle

167 554 342 596 maliter
364 555 556 610 brutum,
581 556 658 597 sed
682 556 925 598 seeundum
950 556 1213 598 exteriorem
1244 555 1479 604 hominem,
1532 565 1650 623 inwffzrd
1669 572 1739 624 zssxhan

131 625 240 681 5qui
273 631 315 666 et
344 624 477 667 homo
510 626 691 667 interior
732 631 832 667 sunt
872 625 1025 668 eadem
1058 639 1247 682 persona
1278 624 1483 665 hominis.
1550 607 1727 666 affriano

166 694 224 736 Et
254 695 356 736 hine
380 695 485 736 dieit
512 695 667 737 beatus
696 695 983 752 Augustinus,
1009 711 1107 737 oum
1139 695 1270 737 homo
1302 694 1483 736 interior

166 771 209 806 et
239 765 370 807 homo
405 766 597 807 exterior
628 781 714 807 non
743 773 842 808 sunt
870 782 1019 821 unum,
1050 780 1194 822 neque
1228 765 1341 807 enim
1375 764 1484 805 eius-

167 835 267 877 dem
307 842 461 878 nature
507 841 572 877 est
624 837 828 890 exterior,
864 837 986 879 euius
1033 842 1100 877 est
1143 835 1338 888 interior,
1384 834 1485 890 quia

166 906 357 948 exterior
390 921 488 948 eum
529 921 714 961 corpore
754 912 1003 963 nuncupato
1051 906 1207 947 dieitur
1244 904 1390 957 homo,
1423 903 1484 944 in-

110 976 300 1017 10terior
351 982 495 1018 autem
549 977 588 1017 in
645 976 737 1018 sola
781 977 926 1018 anima
969 975 1179 1018 racionali
1216 973 1484 1028 intelligitur,

164 1053 353 1102 utraque
399 1052 545 1088 autem
580 1046 708 1088 simul
759 1061 846 1089 non
900 1046 986 1088 duo
1019 1045 1228 1099 homines,
1264 1044 1340 1086 sed
1373 1057 1485 1085 unus

167 1115 300 1158 homo
336 1116 506 1157 dieitur.
569 1116 626 1158 Et
664 1115 955 1158 Enehiridion
987 1119 1061 1156 270
1102 1115 1216 1156 dicit.
1252 1113 1486 1166 ‘Quemad-

166 1185 345 1228 modum
371 1192 435 1228 est
458 1201 545 1228 una
566 1202 758 1242 persona
779 1186 962 1244 quilibet
982 1185 1128 1239 homo,
1154 1186 1297 1226 anima
1319 1183 1486 1226 seilicet

167 1256 399 1299 racionalis
435 1262 476 1298 et
511 1272 628 1311 earo,
653 1258 713 1299 sie
743 1257 910 1299 Oristus
944 1263 1009 1299 est
1040 1272 1126 1299 una
1157 1269 1359 1310 persona,
1393 1268 1484 1296 ver-

109 1331 150 1362 15
166 1325 270 1369 bum
305 1333 348 1368 et
378 1327 539 1369 homo'.
584 1327 643 1369 Et
675 1328 946 1384 pertinenter
976 1328 1020 1369 in
1054 1325 1244 1383 dyalogo
1278 1325 1335 1366 ad
1369 1323 1483 1366 Feli-

167 1397 337 1439 eianum
360 1398 420 1438 ita
444 1396 682 1439 concludit:
719 1397 830 1439 ‘Non
863 1396 971 1438 alius
1000 1396 1133 1438 homo
1168 1410 1342 1451 eorpus,
1376 1390 1484 1435 alius

166 1467 350 1520 animus,
390 1467 467 1508 sed
512 1482 622 1509 unus
661 1466 793 1509 homo
834 1482 993 1525 eorpus
1032 1473 1075 1508 et
1112 1466 1268 1507 anima.
1334 1464 1391 1505 Et
1422 1464 1484 1504 sie

67 1574 98 1607 A
165 1543 265 1592 post
303 1542 475 1593 partum
527 1538 706 1592 virginis
737 1552 824 1579 non
856 1536 965 1579 alius
1019 1536 1089 1577 dei
1131 1535 1246 1577 filius
1294 1539 1337 1576 et
1375 1532 1484 1574 alius

13 1606 364 1660 f01,57bhominis,
419 1607 496 1648 sed
546 1607 664 1648 idem
712 1607 878 1650 Cristus
908 1606 911 1663 Ι
942 1607 1012 1649 dei
1051 1612 1093 1648 et
1131 1605 1316 1647 hominis
1355 1603 1482 1645 filius.

107 1692 150 1723 20
164 1676 291 1719 Patet
306 1692 422 1732 ergo,
440 1677 556 1733 quod
574 1676 646 1719 ille
659 1678 849 1734 spiritus,
875 1692 971 1718 eum
990 1677 1044 1718 sit
1066 1675 1138 1718 illa
1158 1675 1386 1727 animaeio,
1403 1673 1485 1714 hoe

167 1753 232 1789 est
262 1746 381 1789 illam
404 1763 636 1803 personam
661 1763 756 1790 esse
778 1748 1025 1801 animatam,
1060 1747 1127 1788 eui
1161 1745 1334 1799 accidit,
1367 1743 1484 1801 quod

171 1817 335 1859 animet
367 1833 541 1873 eorpus,
575 1832 662 1860 non
680 1818 805 1874 ponit
827 1818 869 1858 in
891 1832 1121 1859 numerum
1144 1822 1369 1872 tamquam
1403 1813 1486 1855 alia

350 1936 380 1968 1.
395 1935 499 1967 Arist.
515 1935 557 1967 de
575 1936 694 1967 anima
710 1935 746 1966 II
769 1937 796 1975 1,
811 1936 832 1966 4
847 1934 914 1974 (ed.
934 1934 1018 1966 Par.
1034 1933 1103 1965 III
1115 1934 1196 1973 444,
1212 1933 1278 1977 28)
1287 1933 1488 1974 Αναγκαῖον

256 1990 328 2036 ἄρα
353 1990 418 2035 τὴν
465 1991 586 2036 ψυχὴν
616 1991 745 2026 οὐσίαν
781 1987 873 2025 εἶναι
905 1991 954 2030 ὡς
991 1985 1086 2030 εἶδος
1133 1990 1301 2034 σώματος
1332 1993 1487 2033 φυσικοῦ

257 2050 408 2094 δυνάμει
432 2049 528 2094 ζωὴν
576 2049 729 2095 ἔχοντος·
768 2049 789 2094 ἡ
819 2050 851 2083 δ’
876 2049 983 2083 οὐσία
1005 2047 1209 2093 ἐντελέχεια.
1272 2052 1302 2082 6.
1325 2050 1378 2091 C'f.
1398 2049 1477 2091 Aug

256 2110 310 2142 De
336 2111 417 2143 Div.
443 2111 586 2150 Quaest.
612 2111 653 2151 L,
674 2114 704 2151 1,
728 2110 886 2142 Trin.X1
916 2113 926 2141 1
952 2110 1078 2152 (Mifjne
1096 2109 1166 2141 XL
1179 2112 1236 2149 32,
1252 2109 1375 2141 XLII
1394 2112 1487 2152 983).

257 2173 310 2204 1⁵2.
328 2171 418 2212 Aug.
436 2170 615 2202 Encllirid.
646 2170 797 2200 XXXVI
817 2169 897 2211 (ozon
914 2168 1081 2208 XXV-U)
1104 2170 1141 2200 11
1164 2169 1295 2211 (Μίφιε
1312 2168 1383 2200 XL
1401 2169 1486 2210 250)

257 2234 294 2262 ut
335 2229 616 2271 quemadmodmn
654 2233 700 2260 est
742 2239 813 2260 una
846 2238 998 2269 persona
1037 2227 1172 2268 quilibet
1212 2226 1320 2267 homo,
1371 2229 1489 2259 anima

256 2289 381 2320 scilicet
407 2287 593 2319 racionalis·
619 2293 648 2319 et
673 2299 763 2326 caro,
789 2289 840 2319 ita
865 2288 908 2318 sit
937 2284 1098 2318 Christus
1123 2296 1195 2317 una
1220 2296 1371 2326 per-vona
1403 2285 1484 2317 Ver-

258 2346 335 2378 hum
361 2351 391 2378 et
417 2347 523 2378 homo.
610 2347 663 2378 16.
688 2346 778 2387 Aug.
806 2344 886 2376 dial.
914 2347 1036 2376 contra
1061 2343 1233 2375 Felieian.
1263 2343 1332 2374 XII
1358 2342 1489 2386 (Miqne

259 2403 380 2436 XLII
392 2406 454 2436 116
463 2405 508 2444 7).
539 2404 617 2436 Non
635 2403 725 2435 alius
744 2403 839 2435 homo
859 2413 985 2443 corpus
1003 2407 1032 2433 el
1049 2403 1140 2433 alins
1156 2403 1302 2440 animus,
1320 2402 1382 2433 sed
1399 2413 1490 2433 uma-9

261 2463 357 2495 homo
385 2474 509 2504 corpus
534 2467 563 2494 ct
590 2464 735 2493 animus.
780 2462 835 2495 Sic
856 2466 934 2502 post
961 2466 1104 2502 par-lum
1127 2461 1270 2503 viminis
1295 2465 1395 2501 etqsq.

228 2582 258 2612 1.
285 2580 397 2612 solum
420 2590 489 2621 pro
515 2583 633 2611 autem
660 2578 760 2618 BPr,
785 2581 904 2609 tamen
932 2577 1013 2609 ΟΡ.
1069 2580 1184 2608 autem
1211 2579 1345 2608 tantum
1371 2579 1488 2608 tamen

168 2638 281 2670 solum
307 2638 348 2670 A.
422 2639 454 2670 4.
482 2638 542 2670 fed
573 2649 634 2669 om.
663 2637 703 2678 P,
730 2636 922 2668 seeundum
951 2646 1012 2667 om.
1041 2635 1068 2666 B
1086 2634 1226 2666 CPPr.
1306 2637 1336 2667 6.
1363 2635 1488 2666 beatus

168 2708 229 2729 om.
249 2697 287 2728 P.
363 2699 395 2729 9.
425 2698 476 2729 10.
503 2696 648 2727 interior
674 2706 736 2727 om.
757 2694 794 2726 C.
873 2696 923 2725 11.
945 2697 1026 2725 sunt
1045 2697 1125 2735 post
1151 2692 1312 2724 homines
1339 2692 1420 2724 add.
1447 2693 1487 2724 A.

172 2757 224 2787 16.
253 2754 404 2787 includit
420 2754 460 2786 A.
511 2764 581 2785 non
610 2758 687 2785 ame
713 2753 804 2785 alius
831 2752 914 2784 add.
942 2752 1025 2783 BP.
1125 2753 1176 2783 17.
1204 2752 1295 2783 sieut
1321 2750 1408 2789 libri,
1442 2750 1485 2791 cf.

168 2811 354 2854 Auyustini
383 2812 498 2846 verba.
573 2813 629 2844 20.
657 2822 740 2854 ergo
767 2823 830 2844 om.
855 2811 896 2843 A.
971 2812 1025 2842 20.
1052 2811 1106 2841 21.
1134 2813 1168 2841 et
1184 2821 1250 2850 pro
1277 2809 1344 2841 hoe
1372 2812 1423 2840 est
1449 2808 1487 2839 B.

168 2872 223 2902 22.
249 2871 348 2912 ponit
373 2882 435 2902 om.
462 2870 503 2909 Β,
529 2871 564 2901 in
591 2882 653 2901 om.
681 2870 720 2901 A.
