2035 3359
212 190 264 227 94

210 942 371 970 Relations
386 942 420 968 of
440 943 488 968 the

209 980 275 1005 soul
287 982 317 1005 to
333 986 350 1004 a
365 977 488 1004 divided

306 1014 399 1048 body.

231 1448 294 1473 The
314 1448 465 1473 sensitive

258 1483 325 1508 soul
346 1483 371 1507 is
391 1484 445 1507 not

275 1517 430 1544 divisible.

932 194 1170 228 JOHANNIS
1197 194 1384 226 WICLIF.
1670 182 1772 240 [GAP.
1793 193 1828 218 v.

502 302 641 344 visiva
671 316 757 343 non
790 307 855 343 est
887 300 1032 343 adhuc
1067 299 1233 356 ocquS,
1272 300 1356 341 nisi
1391 301 1615 356 equivoce.
1649 299 1709 341 Et
1741 314 1834 342 cer-

503 379 593 414 tum
629 378 706 426 est,
744 372 859 427 quod
886 371 1032 413 omnia
1063 372 1147 412 ista
1170 370 1372 412 membra
1394 376 1577 427 propter
1608 369 1692 413 hec
1725 371 1833 412 acci-

504 443 659 484 dencia
680 442 846 483 habent
867 442 1206 498 presuppositas
1222 441 1425 498 proprias
1450 441 1701 497 quiditates,
1727 456 1836 497 quas

503 519 766 556 conservant
798 512 855 554 ad
877 520 1053 570 tempus
1078 513 1216 553 eciam
1241 517 1457 568 separata.
1494 510 1582 553 Sed
1615 527 1641 553 a
1672 510 1835 553 talibus

503 584 792 640 quiditatibus
819 582 1029 625 deficiunt
1061 582 1189 625 nobis
1211 582 1419 623 nimirum
1441 581 1620 623 nomina
1642 582 1834 638 propria,
1850 594 1869 623 5

501 661 549 696 ut
581 670 657 696 cor
695 653 767 697 vel
807 652 927 695 aliud
974 652 1222 695 membrum
1267 658 1521 709 separatum
1560 652 1616 693 ad
1661 658 1836 708 tempus

504 726 704 766 senciens
744 731 810 767 est
848 723 1022 780 animal,
1058 730 1100 766 et
1138 731 1287 766 tamen
1318 729 1504 780 propter
1543 724 1837 765 attencionem

504 795 558 836 ad
592 801 746 849 totum,
781 795 847 837 cui
895 795 1091 836 inexistit
1124 793 1422 836 substanciam
1455 792 1574 835 illam
1608 792 1662 835 ad
1695 794 1836 836 tocius

504 865 809 907 habitudinem
840 865 1131 907 nominamus.

562 936 653 979 Sed
685 936 823 978 tercio
857 942 995 978 restat
1029 935 1265 991 diligenter
1299 940 1525 991 excutere,
1561 949 1658 976 cum
1695 934 1836 977 omnis
1853 946 1896 977 10

505 1008 653 1049 anima
700 1007 910 1050 sensitiva
951 1007 1005 1048 sit
1043 1006 1163 1049 mole
1202 1005 1482 1048 indivisibilis
1536 1006 1660 1048 iuxta
1704 1005 1835 1061 dicta,

505 1079 540 1120 si
593 1078 744 1121 divisis
795 1078 953 1120 atomis
1010 1092 1090 1133 per
1156 1077 1308 1119 media
1358 1092 1437 1133 per
1488 1091 1534 1117 se
1588 1076 1837 1118 senciencia

502 1155 648 1191 utrum
701 1148 998 1204 corrumpitur
1050 1147 1122 1189 vel
1175 1147 1388 1189 dividitur
1439 1145 1838 1204 proporcionaliter

503 1220 648 1261 anima
693 1218 929 1275 adequate,
976 1217 1047 1260 vel
1080 1218 1116 1259 si
1162 1233 1263 1269 non,
1318 1223 1464 1259 utrum
1518 1231 1618 1258 cum
1650 1222 1837 1273 utraque

505 1296 630 1346 parte
663 1304 710 1331 se
742 1295 903 1343 teneat,
951 1287 1023 1331 vel
1061 1295 1231 1330 tantum
1272 1303 1372 1330 cum
1413 1287 1571 1342 altera3
1612 1293 1653 1330 et
1686 1287 1748 1329 sic
1783 1285 1837 1329 de
1854 1300 1895 1331 15

505 1359 599 1402 aliis
633 1358 793 1414 dubiis,
829 1374 914 1416 que
948 1360 1134 1402 materia
1166 1359 1249 1400 ista
1282 1358 1512 1414 percurrit.

563 1431 649 1472 Hic
681 1430 859 1472 videtur
891 1429 1023 1471 michi
1047 1445 1253 1485 magnum
1278 1427 1577 1485 Augustinum
1613 1428 1667 1470 de
1702 1443 1836 1484 quan-

504 1502 628 1543 titate
674 1501 819 1542 anime
875 1503 945 1540 16ο
979 1500 1185 1542 decidere
1239 1499 1348 1542 illud
1402 1499 1597 1552 dubium,
1653 1514 1738 1556 quo
1779 1498 1834 1539 ad

505 1571 665 1613 molem
699 1571 851 1628 partis.
884 1571 996 1613 Nam
1031 1572 1134 1627 quia
1165 1572 1312 1613 anima
1343 1571 1553 1613 sensitiva
1585 1577 1651 1612 est
1681 1570 1837 1612 indivi-

507 1641 646 1685 sibilis
679 1642 826 1698 quoad
860 1641 1035 1696 molem,
1061 1657 1340 1698 consequens
1365 1648 1442 1697 est,
1477 1641 1594 1698 quod
1629 1641 1895 1686 sensitiva20

508 1713 691 1767 anulosi‚
748 1712 868 1769 quod
921 1713 1117 1755 meminit
1175 1711 1463 1767 Augustinus,
1508 1726 1595 1753 non
1649 1712 1839 1768 partitur

510 1784 753 1827 secundum
807 1783 1067 1826 divisionem
1121 1782 1327 1836 subiecti,
1381 1797 1465 1824 nec
1525 1783 1836 1838 corrumpitur,

508 1870 589 1897 nec
624 1854 794 1910 desinit,
841 1869 941 1896 cum
988 1860 1137 1895 manet
1177 1852 1342 1909 duplex
1377 1852 1624 1894 subiectum
1658 1852 1721 1893 sic
1755 1851 1838 1894 sibi

508 1925 730 1967 sufficiens
764 1925 1056 1982 quantitativa
1080 1923 1390 1980 complexione
1424 1929 1466 1965 et
1499 1923 1560 1964 sic
1593 1922 1647 1964 de
1681 1923 1838 1964 ceteris

509 1995 878 2053 disposicionibus
932 1994 987 2037 ad
1047 1995 1365 2036 animacionem
1420 1993 1549 2035 huius
1601 1993 1836 2049 requisitis.
1854 2009 1897 2039 25

508 2067 566 2108 Et
604 2067 726 2123 ponit
757 2065 1034 2122 Augustinus
1075 2065 1327 2121 exemplum
1367 2064 1638 2107 huiusmodi:
1678 2079 1839 2107 nomen

697 2221 750 2253 18.
781 2218 835 2261 Of.
862 2231 976 2262 supra
998 2231 1080 2263 pay.
1108 2221 1153 2251 78
1181 2220 1241 2252 lin.
1269 2221 1302 2251 8.

557 2376 588 2413 1,
604 2376 635 2405 2.
661 2374 811 2405 tercium
837 2375 865 2405 B
883 2373 908 2405 C
923 2373 962 2405 P.
1037 2374 1069 2404 2.
1089 2373 1208 2404 omnia
1239 2383 1301 2405 om.
1320 2372 1348 2403 B
1366 2372 1394 2404 P
1409 2372 1467 2405 Pr.
1539 2374 1680 2414 proptor
1705 2382 1768 2403 om.
1796 2371 1838 2410 Β,

510 2436 544 2465 et
569 2435 686 2475 preter
711 2432 777 2464 hec
802 2432 842 2473 A,
870 2432 934 2464 hec
960 2443 1022 2463 om.
1044 2432 1085 2467 C.
1182 2433 1212 2463 3.
1240 2432 1524 2473 persuppositum
1551 2431 1591 2463 B.
1677 2432 1708 2462 4.
1736 2440 1839 2472 sepa-

510 2491 669 2523 rabiliter
701 2491 741 2524 P.
793 2501 814 2523 a
840 2503 902 2523 om.
936 2490 1062 2522 ABP.
1161 2493 1192 2521 5.
1225 2491 1429 2532 apropriata
1456 2489 1483 2521 C
1581 2491 1611 2522 (3.
1645 2499 1773 2531 corpus
1801 2488 1838 2522 C.

509 2549 655 2592 aliquod
692 2550 749 2582 Pr.
878 2552 908 2582 7.
936 2552 1076 2591 propter
1114 2560 1176 2580 om.
1204 2549 1244 2588 B,
1271 2549 1515 2580 accessionem
1541 2548 1580 2580 P.
1688 2550 1740 2580 10.
1768 2547 1837 2579 dis-

510 2611 630 2640 cutere
658 2607 752 2639 CPr.
853 2610 904 2640 12.
933 2607 1111 2640 euthoniis
1137 2608 1166 2639 B
1183 2607 1209 2639 C
1225 2607 1283 2639 Pr.
1384 2609 1435 2639 13.
1463 2606 1683 2639 descinditur
1707 2605 1839 2638 BOPr.

511 2668 564 2698 14.
596 2667 775 2707 adequata
793 2666 819 2698 C
836 2667 893 2698 Pr.
991 2669 1180 2708 utrumque
1206 2677 1275 2706 pro
1302 2670 1421 2697 utrum
1448 2675 1527 2697 cum
1542 2665 1582 2697 A.
1664 2666 1717 2696 17.
1749 2674 1841 2705 mag.

512 2725 537 2756 (J
554 2725 638 2756 mihi
674 2737 736 2758 om.
764 2726 790 2757 A
808 2724 845 2757 C.
982 2726 1035 2757 18.
1065 2723 1272 2756 desc-,indere
1299 2722 1394 2755 CPr.
1532 2725 1585 2755 19.
1623 2723 1668 2754 ad
1706 2726 1840 2765 partem

510 2785 538 2816 B
556 2784 581 2816 C
597 2786 635 2816 P.
718 2786 769 2816 19.
796 2785 910 2815 omnis
934 2795 1000 2825 pro
1027 2784 1147 2814 anima
1174 2783 1251 2816 BP.
1352 2783 1407 2814 24.
1434 2783 1669 2824 quantitative
1695 2781 1766 2812 ΑΡ
1782 2781 1840 2821 Pr,

511 2844 783 2884 quantitativam
801 2842 1022 2884 complexinc
1039 2843 1113 2882 (Lve'c)
1131 2842 1169 2873 (ἲ.
1232 2842 1287 2873 26.
1308 2841 1410 2872 liuius
1431 2841 1507 2883 (om.
1526 2840 1636 2881 modi)
1652 2840 1680 2871 B
1698 2839 1725 2871 C
1740 2840 1767 2871 P
1783 2840 1841 2880 Pr,
