2035 3359
191 210 244 247 78

222 684 439 713 confirmation

262 721 339 746 from
360 728 398 746 an

233 756 423 788 experiment

227 791 374 818 recorded
393 790 434 824 by

240 826 421 859 Angustiae.

914 220 1151 253 JOHANNIS
1178 220 1364 253 WicLIF.
1650 207 1753 265 [cu.
1777 217 1813 245 v.

482 332 525 368 et
556 323 719 367 malum
743 331 786 368 et
809 326 1032 382 cognoscit
1054 326 1272 383 principia
1295 325 1583 368 scienciarum
1617 332 1661 368 et
1694 339 1813 368 crea-

481 402 622 438 torem
671 411 797 439 suum
845 402 888 438 et
931 396 1099 439 refiexe
1142 395 1346 452 intelligit
1397 411 1444 438 se
1494 397 1649 452 ipsam.
1717 395 1815 448 Que

483 467 628 508 anima
660 465 802 509 solum
835 467 878 508 in
909 466 1161 509 hominibus
1205 466 1424 522 reperitur
1469 467 1583 509 inter
1615 466 1820 508 animalia

483 536 678 580 moralia.
741 536 947 579 Secunda
992 543 1057 579 est
1101 537 1247 579 anima
1278 537 1633 591 rememorativa,
1679 537 1816 579 tercia

482 607 782 664 ymaginativa
830 612 872 650 et
917 613 1073 664 quarta
1120 607 1418 663 excogitativa
1463 606 1657 649 arcium.’
1722 606 1856 651 Hec5

484 677 556 720 ibi.
619 677 678 719 Et
722 678 961 720 concordat
1020 693 1117 720 cum
1165 678 1292 720 dictis
1337 677 1612 734 Augustinus
1668 677 1712 719 in
1766 677 1821 719 de

485 749 727 806 quantitate
758 748 902 791 anime
928 751 1011 790 16⁰.
1047 747 1198 805 ‘Cum7'
1221 749 1374 806 inquit,
1399 746 1609 791 ‘essemus
1640 747 1684 789 in
1717 762 1820 803 agro

485 819 679 875 Ligurie,
713 818 1033 875 adolescentes,
1068 820 1141 876 qui
1182 834 1355 861 mecum
1389 825 1513 861 erant
1552 819 1702 875 gracia
1735 825 1822 861 stu-

487 890 671 945 diorum,
696 889 983 933 adverterunt
1003 895 1250 947 reptantem
1273 889 1518 944 bestiolam,
1534 888 1820 945 multipedem

488 961 587 1003 dico
609 960 912 1012 vermiculum,
932 976 1064 1018 quem
1088 975 1185 1003 cum
1205 975 1317 1003 unus
1342 960 1529 1002 abscidit
1543 960 1599 1002 ad
1615 959 1822 1015 medium,
1841 972 1882 1004 10

487 1031 616 1074 ambe
649 1038 797 1089 partes
834 1032 888 1074 ab
924 1031 997 1074 illo
1022 1031 1184 1074 wlnere
1211 1032 1254 1073 in
1289 1031 1507 1074 contraria
1529 1030 1826 1073 discesserunt

487 1108 608 1145 tanta
639 1103 805 1160 pedum
829 1101 1066 1157 celeritate,
1091 1108 1133 1145 et
1155 1118 1241 1144 non
1263 1100 1539 1145 imbecilliori
1560 1101 1670 1156 nisu,
1695 1115 1825 1158 quam

488 1174 523 1216 si
546 1174 631 1216 duo
655 1173 860 1216 animalia
891 1173 1019 1231 plene
1050 1173 1220 1217 forent'.
1256 1174 1315 1216 Et
1347 1178 1448 1231 post
1467 1172 1625 1216 beatus
1648 1170 1825 1227 Augus-

487 1244 602 1286 tinus
619 1250 661 1287 et
678 1243 851 1301 Alipius
865 1245 1072 1288 viderunt
1087 1259 1182 1287 eam
1203 1259 1381 1287 currere
1398 1245 1441 1286 in
1459 1241 1612 1286 tabula
1628 1256 1823 1300 quaqua-

488 1330 680 1370 versum,
715 1330 767 1357 ac
798 1330 884 1358 uno
917 1314 1091 1359 illorum
1141 1314 1238 1358 stilo
1272 1321 1389 1358 tacto
1424 1312 1746 1371 contorquebat
1778 1326 1883 1359 se15

676 1424 708 1454 8.
735 1422 826 1464 Aug.
860 1421 903 1454 de
930 1422 1133 1464 quantitate
1159 1422 1302 1455 animae
1334 1420 1456 1453 XXXI
1484 1422 1526 1453 62
1557 1418 1691 1462 (Miyne
1722 1418 1822 1459 1070)

589 1479 674 1513 C'um
706 1482 796 1513 enim
820 1492 938 1523 nuper
963 1483 1002 1514 in
1028 1493 1115 1525 agro
1138 1491 1288 1514 essemus
1318 1480 1500 1523 Liquriae,
1526 1479 1639 1511 nostri
1663 1477 1717 1509 illi
1742 1476 1824 1509 ado-

587 1540 759 1582 lescentes,
793 1541 853 1582 qui
885 1546 966 1574 tunc
999 1551 1130 1573 mecum
1161 1545 1263 1573 erant
1295 1540 1492 1572 studiorum
1526 1549 1671 1570 suorum
1693 1536 1825 1579 ⁴qratia,

588 1600 915 1632 animadverterunt
958 1599 1056 1631 humi
1098 1600 1252 1631 iacentes
1289 1599 1327 1630 in
1364 1609 1472 1640 opaco
1517 1597 1588 1629 loco
1630 1599 1824 1638 reptantem

585 1658 761 1691 bestiolam
799 1659 1032 1701 multipedem,
1072 1659 1210 1702 longum
1247 1657 1324 1690 dico
1362 1656 1545 1699 quemdam
1581 1654 1826 1688 vermiculum.-

584 1717 683 1761 vulyo
714 1723 818 1750 notus
850 1722 910 1758 est,
949 1717 1010 1750 boc
1043 1722 1167 1757 tamen,
1202 1717 1294 1759 quod
1331 1716 1457 1755 dicam,
1495 1725 1687 1756 numquam
1719 1714 1757 1744 in
1792 1722 1828 1744 eo

585 1782 750 1818 expertus
776 1787 883 1809 eram.
918 1776 1020 1809 Verso
1038 1786 1187 1818 namque
1204 1776 1292 1816 stilo,
1320 1786 1418 1817 quem
1440 1774 1539 1816 forle
1563 1772 1709 1805 habebat
1736 1782 1829 1804 unus

586 1836 738 1877 illorum,
772 1836 905 1868 animal
921 1835 1071 1869 medium
1084 1836 1281 1877 percussit:
1308 1839 1379 1866 tum
1397 1832 1518 1865 ambae
1531 1836 1655 1875 partes
1674 1831 1830 1872 emporis

587 1896 629 1927 ab
656 1895 715 1927 illo
732 1895 875 1927 vulnere
887 1895 925 1927 in
940 1896 1122 1928 contraria
1136 1894 1380 1932 discesserunt,
1401 1897 1500 1924 tanta
1514 1891 1646 1933 pedum
1660 1889 1830 1922 celeritate

589 1965 630 1986 ac
656 1954 765 1986 nihilo
782 1953 1002 1986 imbecilliore
1019 1955 1112 1993 nisu,
1141 1964 1245 1995 quam
1262 1953 1293 1984 si
1310 1952 1380 1983 duo
1400 1950 1504 1983 buius
1522 1949 1615 1982 modi
1632 1948 1830 1980 animantia

589 2013 713 2046 forent.
746 2012 821 2052 Quo
846 2013 1016 2045 miraculo
1049 2013 1186 2045 exteriti
1211 2020 1405 2052 causaeque
1428 2009 1567 2048 curiosi,
1600 2007 1648 2039 ad
1672 2018 1746 2046 nos,
1773 2005 1833 2038 ubi

588 2072 692 2104 simul
706 2083 762 2115 eqo
777 2077 807 2105 et
820 2070 971 2115 Alypius
986 2070 1257 2111 considebamus,
1274 2070 1442 2101 alacriter
1459 2068 1611 2100 viventIa
1620 2066 1749 2108 frusta
1765 2065 1831 2096 illa

587 2131 797 2164 detulerunt.
816 2131 934 2173 Neque
946 2142 1010 2163 nos
1020 2141 1152 2172 parum
1168 2130 1330 2168 commoti,
1345 2138 1386 2160 ea
1402 2136 1544 2159 currere
1557 2127 1594 2157 in
1609 2124 1731 2158 tabula
1745 2135 1829 2165 qua-

589 2201 797 2232 quaversum
824 2194 999 2232 poterant,
1027 2188 1269 2222 cernebamus:
1303 2192 1405 2229 atque
1437 2197 1547 2218 unum
1570 2186 1728 2226 ipsoram
1754 2182 1831 2215 stilo

590 2255 729 2289 tactum,
757 2249 1001 2292 contorquebat
1015 2259 1050 2280 se
1077 2248 1125 2280 ad
1150 2247 1282 2279 doloris
1308 2246 1429 2287 Iocum,
1455 2244 1544 2276 nibil
1561 2244 1726 2276 sentiente
1751 2242 1830 2281 alio,

590 2320 631 2340 ac
648 2319 729 2340 suos
750 2307 834 2339 alibi
850 2312 961 2340 motus
983 2311 1181 2349 pei-ayente.
1206 2305 1301 2344 Quid
1320 2304 1460 2346 plura?
1490 2303 1720 2341 Teneai-imus,
1748 2312 1830 2343 qua-

591 2373 689 2400 tenus
702 2367 740 2399 id
753 2367 901 2408 valeret;
913 2372 1016 2409 atque
1029 2365 1263 2405 vermiculum,
1271 2366 1337 2396 imo
1351 2365 1423 2395 iam
1435 2362 1638 2395 vermiculos
1651 2362 1688 2392 in
1702 2359 1831 2392 multas

587 2432 709 2469 partes
728 2426 956 2459 concidimus:
974 2427 1025 2458 ita
1045 2435 1159 2457 omnes
1180 2422 1415 2465 movebantur,
1433 2426 1471 2455 ut
1487 2422 1559 2453 nisi
1575 2432 1598 2452 a
1615 2418 1712 2452 nobis
1731 2419 1832 2450 illum

593 2487 725 2519 factum
756 2491 852 2525 esset,
885 2490 915 2518 et
942 2489 1180 2527 comparerent
1206 2483 1354 2515 vulnera
1387 2482 1549 2520 recentia,
1583 2478 1720 2512 tolidem
1751 2478 1830 2510 illos

592 2547 784 2587 separatim
807 2550 908 2578 natos
935 2556 976 2576 ac
1002 2543 1068 2576 sibi
1093 2553 1254 2585 quemque
1278 2542 1407 2574 viscisse
1433 2539 1660 2572 crederemus.

562 2644 588 2673 l.
616 2640 850 2671 scIenciarum
876 2651 939 2671 om.
966 2639 1006 2670 B.
1080 2640 1111 2673 2.
1138 2638 1270 2670 bonum
1281 2646 1350 2678 pro
1365 2645 1468 2668 suum
1494 2634 1534 2666 P.
1608 2633 1640 2663 3.
1666 2632 1704 2663 in
1719 2629 1829 2662 homi-

500 2701 603 2732 nibus
629 2711 691 2731 om.
718 2698 756 2731 P.
854 2700 885 2730 4.
911 2697 993 2730 Alia
1019 2697 1057 2729 C.
1143 2697 1174 2728 5.
1201 2696 1404 2738 vegetativa
1432 2704 1501 2735 pro
1532 2690 1774 2734 ymaginativa
1793 2688 1830 2721 C.

501 2759 690 2801 cogitatiwz
710 2757 748 2789 C.
823 2759 855 2789 5.
871 2758 902 2789 6.
918 2757 994 2788 Hec
1012 2755 1071 2788 ille
1087 2754 1126 2797 C,
1177 2757 1208 2787 6.
1224 2765 1303 2786 cum
1329 2754 1406 2785 istis
1431 2752 1459 2784 B
1476 2751 1502 2783 C
1518 2751 1545 2782 P
1561 2750 1618 2782 Pr.
1668 2750 1698 2782 9.
1714 2758 1830 2790 repor-

501 2821 632 2850 tantem
668 2828 737 2858 pro
769 2818 965 2858 reptantem
994 2815 1032 2846 A.
1151 2816 1201 2844 11.
1235 2813 1486 2845 abscesserunt
1506 2810 1546 2842 A.
1663 2808 1715 2841 14.
1749 2817 1826 2840 eam

502 2882 631 2909 turrem
660 2877 697 2909 B.
726 2875 852 2907 sabulo
880 2885 951 2917 qua
977 2886 1013 2907 se
1041 2883 1199 2906 eversum
1232 2874 1253 2903 Α
1284 2872 1319 2903 in
1345 2870 1471 2903 tabula
1496 2880 1558 2901 om.
1586 2868 1613 2899 B
1630 2867 1656 2899 C
1675 2868 1699 2898 Ρ
1715 2867 1770 2897 Pr.
