2035 3359
170 199 226 235 40

206 1029 270 1054 'Phe
290 1030 374 1059 parts
395 1028 429 1052 of

176 1065 228 1090 the
248 1065 361 1088 human
371 1063 454 1095 body

191 1107 242 1125 are
264 1099 346 1124 what
365 1099 437 1131 they

259 1142 311 1159 are
332 1134 372 1167 by

179 1170 350 1196 accidental
366 1170 454 1202 form,

195 1205 294 1231 which
314 1205 445 1231 remaius

225 1241 301 1267 after
321 1241 421 1267 death.

887 204 1125 237 JOMANNIS
1154 204 1342 237 Wicnlr.
1638 190 1737 249 [cAP.
1757 204 1813 230 111.

474 329 499 353 a
544 311 830 353 fundamento
876 317 1044 366 nature,
1101 327 1262 367 corpus
1309 310 1507 353 naturale
1554 312 1809 366 organicum

475 383 640 439 pocius,
661 390 663 436 j
688 398 818 439 quam
835 382 1082 424 subiectum
1098 381 1236 424 forme
1254 381 1532 424 elementaris
1548 381 1618 424 vel
1634 381 1808 424 celestis
1885 385 1912 414 A
1930 429 1963 449 ru

476 453 685 509 corporis.
719 453 818 495 Non
858 454 971 495 enim
1006 460 1070 495 est
1103 453 1285 494 materia
1316 453 1460 509 prima
1490 459 1578 494 tam
1608 459 1810 509 patenter
1825 429 1885 461 fol.
1905 432 1948 463 4⁰

476 523 695 565 sensibilis
756 530 798 566 et
859 523 1146 580 accidentata,
1206 524 1360 565 uniens
1415 530 1457 565 et
1501 522 1722 565 nutribilis
1770 530 1812 565 et

476 594 827 651 augmentabilis,
863 596 975 637 sicut
998 601 1097 636 sunt
1125 601 1274 651 partes
1298 595 1589 651 quantitative
1614 595 1811 651 corporis
1829 609 1849 639 5

481 666 671 722 humani,
707 667 809 722 quia
832 665 961 722 longe
995 666 1249 709 evidencius
1281 672 1434 721 posset
1465 665 1549 707 dici
1583 664 1813 722 quodlibet

478 737 663 777 mixtum
697 737 880 779 materia
912 737 1067 793 prima.
1101 735 1193 778 Nec
1225 735 1345 779 valet
1376 738 1608 792 responsio
1643 735 1813 792 sophis-

478 807 578 860 tica,
614 822 699 863 que
735 807 852 861 dicit,
888 807 1006 863 quod
1040 806 1159 849 nulla
1192 822 1295 863 pars
1330 807 1525 863 corporis
1548 806 1727 848 humani
1751 812 1818 847 est

479 878 522 919 in
545 884 657 932 actu,
683 879 786 934 quia
809 884 976 920 certum
1012 884 1090 932 est,
1116 878 1233 935 quod
1258 893 1418 934 corpus
1448 884 1535 920 tam
1565 876 1819 920 notabiliter

480 964 688 1005 magnum
713 955 889 1005 oportet
912 948 1077 990 habere
1101 955 1263 1005 partes,
1285 964 1369 1005 que
1392 947 1641 1005 aliqualiter
1663 948 1760 990 sint.
1839 964 1878 994 10

539 1019 597 1062 Et
650 1021 848 1076 queritur
901 1018 1097 1074 ulterius,
1152 1019 1258 1076 quid
1313 1025 1378 1061 est
1421 1034 1589 1073 manus,
1644 1019 1819 1075 digitus,

483 1096 615 1147 caput
662 1089 734 1132 vel
779 1089 863 1131 alia
919 1105 1021 1147 pars
1079 1090 1372 1145 homogenea,
1427 1104 1512 1146 que
1577 1091 1821 1146 componit3

483 1176 570 1203 non
616 1161 729 1203 enim
776 1167 922 1217 potest
968 1160 1068 1215 dici,
1115 1160 1233 1217 quod
1278 1159 1424 1215 nichil,
1472 1176 1572 1202 cum
1616 1161 1671 1203 sit
1719 1176 1822 1217 pars

485 1231 750 1274 sensibiliter
782 1230 1145 1286 transmutabilis,
1182 1231 1300 1288 quod
1334 1237 1483 1287 potest
1506 1230 1586 1273 soli
1605 1231 1822 1273 materiali

485 1302 736 1345 substancie
783 1303 1034 1345 convenire.
1083 1302 1165 1344 Est
1210 1302 1342 1357 igitur
1385 1303 1506 1358 prius
1556 1301 1820 1356 substancia,
1840 1317 1880 1347 15

487 1389 616 1431 quam
651 1374 867 1416 accidenti
890 1373 1104 1415 subicitur
1137 1380 1180 1415 et
1212 1389 1290 1429 per
1323 1388 1598 1429 consequens
1631 1378 1822 1429 oportet,

487 1444 606 1501 quod
645 1446 766 1501 prius
808 1445 862 1486 sit
894 1444 1025 1500 aliud,
1073 1460 1204 1501 quam
1238 1460 1340 1500 pars
1373 1443 1572 1485 hominis.
1618 1443 1677 1484 Et
1710 1449 1824 1485 stant

486 1516 685 1557 raciones
718 1515 920 1571 superius
953 1521 1085 1557 tacte.
1133 1514 1247 1557 Item
1280 1516 1315 1556 si
1348 1529 1509 1570 corpus
1543 1513 1730 1556 hominis
1770 1515 1825 1556 sit

487 1586 671 1628 materia
729 1586 872 1641 prima
930 1592 1159 1642 perpetua,
1222 1591 1326 1627 tunc
1385 1585 1515 1627 homo
1582 1584 1824 1626 secundum

489 1657 731 1698 essenciam
785 1671 1046 1713 corpoream
1108 1657 1222 1698 foret
1272 1662 1515 1713 perpetuus
1570 1661 1612 1697 et
1661 1655 1826 1711 periret
1841 1669 1885 1700 20

490 1728 628 1769 omnis
673 1728 986 1769 transmutacio
1034 1727 1232 1784 corporis
1271 1725 1486 1768 animalis.
1531 1725 1643 1767 Nam
1686 1726 1825 1768 omnis

490 1798 723 1853 generacio
757 1797 829 1840 vel
862 1798 1093 1854 corrupcio
1128 1796 1380 1839 substancie
1415 1803 1480 1839 est
1511 1797 1826 1839 transmutacio

491 1868 732 1910 secundum
787 1868 972 1910 formam
1028 1867 1370 1910 substancialem
1433 1866 1621 1909 subiecti
1683 1867 1825 1923 primo

491 1939 618 1992 moti3
664 1939 848 1980 materia
894 1939 1037 1994 prima
1080 1952 1166 1980 non
1202 1944 1268 1979 est
1301 1953 1380 1994 per
1412 1954 1458 1979 se
1492 1936 1678 1992 mobilis,
1722 1953 1826 1993 ergo

493 2024 574 2051 nec
607 2023 766 2065 corpus
801 2008 1001 2052 hominis.
1037 2008 1081 2050 Si
1116 2024 1219 2064 ergo
1260 2009 1442 2050 materia
1481 2009 1623 2064 prima
1655 2023 1741 2050 non
1775 2010 1886 2053 sit25

494 2094 654 2135 corpus
701 2079 902 2133 hominis,
956 2085 1059 2120 tunc
1103 2093 1191 2120 non
1245 2079 1540 2134 corrumpitur
1592 2080 1634 2120 in
1688 2085 1829 2121 morte

494 2149 696 2204 hominis,
746 2150 847 2205 quia
891 2148 1053 2190 nullam
1100 2149 1285 2190 formam
1333 2148 1671 2190 substancialem
1726 2156 1828 2192 tunc

495 2220 634 2273 exuit,
664 2235 746 2261 nec
777 2226 841 2261 est
869 2219 1138 2275 fingendum,
1172 2235 1196 2261 a
1221 2236 1305 2276 quo
1331 2219 1548 2261 efficiente
1571 2226 1659 2262 tam
1683 2220 1828 2263 subito

496 2307 573 2347 per
596 2297 731 2333 totam
755 2290 940 2332 formam
970 2290 1307 2333 substancialem
1332 2291 1564 2347 receperit,
1588 2292 1828 2347 potissime,

497 2376 594 2403 cum
628 2361 769 2402 forma
801 2360 1108 2403 substancialis
1141 2361 1378 2403 materialis
1416 2361 1574 2403 educta
1598 2362 1651 2404 de
1675 2369 1888 2419 poten-30

498 2434 563 2474 cia
598 2433 781 2473 materie
822 2432 1079 2474 sufficientis
1117 2432 1408 2488 principiatur
1442 2448 1496 2474 ex
1532 2432 1681 2475 debita
1715 2448 1828 2475 com-

560 2564 588 2594 1.
617 2562 802 2594 materiale
828 2562 868 2593 A.
983 2563 1014 2593 2.
1043 2561 1299 2593 elementorum
1329 2561 1397 2593 Cl'
1417 2563 1470 2594 l'r.
1587 2564 1617 2594 4.
1645 2566 1679 2595 et
1705 2564 1830 2596 vivens

498 2621 598 2652 l'l'r.
713 2622 744 2653 6.
771 2624 886 2662 potest
912 2620 952 2653 A.
1075 2622 1105 2654 ξ).
1134 2624 1187 2652 cst
1213 2633 1275 2652 om.
1302 2621 1340 2652 B.
1466 2624 1517 2653 14.
1546 2622 1701 2654 naturali
1727 2623 1755 2653 P
1772 2623 1830 2655 Pr.

503 2682 554 2711 16.
574 2678 819 2712 accidentibus
838 2681 877 2721 B,
898 2679 1084 2720 accidenti,
1113 2692 1201 2711 ιὐιϊ.
1222 2682 1257 2711 in.
1275 2679 1521 2712 accidentibus
1540 2681 1596 2712 l‘r.
1698 2682 1749 2713 18.
1769 2681 1829 2713 ho-

500 2739 604 2769 minis
632 2751 693 2770 ωηι.
714 2738 752 2770 A.
851 2741 904 2770 21.
930 2744 1008 2779 210.ss
1028 2739 1141 2770 omnis·
1162 2738 1245 2770 (ιιΙιί.
1265 2738 1521 2770 transmutacio
1542 2739 1580 2771 Ρ.
1679 2740 1731 2772 25.
1759 2750 1828 2771 non

500 2810 562 2828 om.
588 2797 616 2828 Β
636 2798 672 2828 (J.
787 2799 840 2829 28.
869 2798 1001 2839 fingere
1029 2798 1055 2827 13
1073 2797 1109 2837 C,
1144 2798 1187 2844 sit
1213 2796 1417 2836 lingendum
1446 2798 1472 2829 1²
1492 2798 1545 2830 l'r.
1661 2799 1714 2830 20.
1742 2799 1828 2830 reci-

501 2859 599 2896 peret
626 2857 651 2885 l'
670 2856 723 2888 [Τ.
753 2856 875 2896 recipit
905 2856 943 2888 A.
1041 2858 1094 2886 531.
1123 2854 1341 2888 sufficienter
1368 2856 1407 2887 A.
