2035 3359
215 186 266 224 92
930 196 1167 231 JOHANNIS
1194 198 1380 231 WICLIF.
1665 187 1764 246 [off.
1796 201 1831 227 v.

503 300 668 343 habere
702 300 909 357 colorem,
955 318 1054 346 cum
1098 303 1265 346 nullum
1309 304 1469 347 animal
1515 320 1596 362 per
1628 306 1832 349 accidens

505 373 559 414 sit
591 372 765 426 animal,
800 374 878 416 sed
913 374 1069 416 eadem
1092 374 1343 417 substancia
1365 376 1567 431 animata,
1602 391 1688 433 que
1718 392 1835 420 nunc

503 442 754 501 parcialiter
797 444 1004 494 inexistit‚
1058 444 1164 487 alias
1210 461 1291 503 per
1329 462 1376 489 se
1416 447 1576 504 existit,
1609 454 1834 505 tamquam

505 513 665 556 animal
688 520 956 571 separatum.
992 514 1101 558 Cum
1127 531 1233 572 ergo
1256 516 1377 559 nulla
1401 517 1557 560 eadem
1582 518 1835 562 substancia

505 591 654 642 potest
696 600 812 628 nunc
857 601 953 629 esse
999 586 1164 644 aliquid
1210 593 1253 629 et
1295 602 1411 630 nunc
1456 587 1589 643 aliud,
1622 590 1870 646 sequitur‚5

506 655 625 712 quod
656 663 840 713 propter
871 657 1111 714 parcialem
1133 658 1469 701 inexistenciam
1501 659 1572 702 vel
1603 659 1836 702 relacionis

506 726 812 769 definicionem
868 727 1114 771 animalitas
1165 744 1252 771 non
1312 728 1496 771 desistit.
1558 729 1645 772 Alii
1689 736 1837 773 autem

506 796 668 851 dicunt,
716 798 837 854 quod
887 798 1047 840 animal
1092 798 1278 841 includit
1319 800 1620 855 negacionem,
1655 807 1703 843 ut
1735 800 1834 843 sub·
1907 836 1935 867 A

505 869 672 911 stancia
699 867 704 925 Ι
734 870 925 911 animata
947 885 1035 913 non
1057 885 1160 927 pars
1184 869 1378 925 alterius,
1395 872 1508 913 sicut
1531 871 1635 914 dicit
1657 886 1837 928 respon-
1850 881 1912 914 fol.
1930 879 1991 916 541‘

506 940 568 981 sio
605 939 870 995 supradicta,
911 939 983 982 vel
1016 940 1267 983 substancia
1299 941 1488 983 animata
1518 956 1606 984 non
1638 942 1840 985 ordinata
1857 956 1896 987 10

509 1009 563 1052 ad
597 1009 758 1052 animal
792 1011 1150 1053 constituendum
1194 1010 1396 1066 finaliter,
1432 1017 1474 1054 et
1507 1012 1570 1053 sic
1604 1012 1659 1055 de
1691 1012 1838 1055 multis

248 1110 348 1136 There
368 1108 451 1135 {sno
505 1080 663 1135 modis,
699 1082 772 1138 qui
806 1096 957 1124 omnes
989 1082 1197 1125 videntur
1229 1082 1272 1124 in
1304 1081 1423 1124 idem
1454 1079 1667 1124 incidere.
1728 1082 1838 1125 Ideo

238 1146 463 1206 ἰζοᾚᾶξζξξζζῗ
509 1157 662 1194 contra
695 1166 846 1193 omnes
890 1150 988 1194 illos
1033 1152 1222 1207 videtur,
1272 1152 1391 1209 quod
1431 1158 1517 1195 stat
1549 1153 1709 1195 animal
1743 1168 1840 1197 esse

211 1216 495 1285 ξζῑζῖὶὶζηῖῗῑζῃοξ
506 1228 677 1280 partem
703 1221 914 1277 animalis,
948 1229 996 1266 ut
1018 1222 1284 1266 elementum
1318 1229 1385 1266 est
1416 1238 1518 1280 pars
1558 1222 1764 1267 elementi
1797 1230 1841 1267 et

215 1287 694 1354 mgfifn‘ssffighgamixtum
741 1299 807 1335 est
850 1308 954 1349 pars
998 1294 1125 1336 mixti
1168 1299 1249 1336 etc.
1311 1293 1424 1336 Nam
1462 1294 1594 1336 homo
1640 1301 1706 1337 est
1737 1308 1897 1352 pars15

213 1358 490 1390 part⁰f²pe⁰p¹⁰·
508 1363 661 1420 populi
695 1369 738 1405 et
768 1378 871 1420 pars
903 1365 1089 1407 monstri
1122 1365 1329 1419 continui,
1364 1371 1407 1407 et
1439 1365 1502 1407 sic
1536 1365 1590 1407 de
1625 1364 1719 1407 aliis
1752 1366 1839 1408 ani-

508 1432 696 1476 malibus
749 1433 1144 1489 irracionabffibus,
1206 1451 1291 1492 que
1350 1442 1450 1493 post
1503 1435 1838 1479 adnascenciam

509 1511 696 1562 possunt
738 1504 986 1548 abinvicem
1031 1507 1240 1562 separari.
1304 1506 1397 1548 Nec
1441 1505 1569 1549 aliter
1603 1507 1840 1550 dicendum

507 1581 585 1630 est,
619 1576 725 1632 quid
758 1576 812 1618 sit
843 1574 951 1619 illud
981 1577 1276 1634 compositum
1311 1592 1367 1619 ex
1400 1592 1587 1634 corpore
1621 1584 1664 1620 et
1696 1578 1841 1620 anima

507 1647 729 1701 sensitiva,
764 1646 881 1703 quod
915 1653 1063 1704 potest
1096 1663 1192 1690 esse
1224 1646 1397 1690 animal.
1442 1647 1536 1691 Nec
1567 1647 1666 1706 plus
1700 1648 1838 1705 obest,
1855 1660 1900 1692 20

506 1717 625 1774 quod
669 1716 830 1759 animal
877 1718 1116 1760 constituat
1159 1718 1321 1760 animal
1368 1719 1669 1775 quantitative,
1707 1734 1840 1776 quam

506 1787 739 1830 constituat
753 1787 966 1844 populum
980 1788 1052 1831 vel
1067 1789 1424 1832 communitatem
1448 1789 1591 1845 aliam,
1609 1796 1652 1833 et
1673 1790 1840 1847 specia-

505 1858 605 1901 liter
636 1857 796 1900 animal
826 1858 1149 1916 imperfectum.

212 1957 247 1981 1„
269 1963 361 1990 every
375 1955 494 1987 perfect
569 1930 799 1987 Quotquot
821 1945 926 1987 ergo
952 1936 1053 1973 sunt
1085 1931 1270 1973 materie
1294 1930 1524 1987 disposite,
1547 1938 1596 1974 ut
1619 1931 1839 1988 adequate

213 1992 492 2060 Ξξίῗῃῗῃῖζεῖῗνῗζξ
506 2001 778 2044 subiciantur
817 2000 1074 2044 animalitati
1113 2001 1156 2042 in
1195 2016 1475 2058 quocumque
1513 2001 1709 2058 perfecto
1750 2002 1838 2043 ani-
1854 2013 1897 2045 25

222 2062 483 2130 {ffissgsffssssjssetssess‘}
506 2071 621 2121 mali,
656 2077 722 2115 tot
752 2072 928 2129 precise
950 2078 1052 2115 sunt
1086 2070 1291 2114 animalia
1320 2072 1365 2114 in
1399 2071 1569 2127 eodem,
1604 2087 1703 2129 que,
1736 2071 1840 2115 licet

319 2133 382 2159 life·
507 2142 593 2184 sint
623 2142 759 2198 finita,
804 2149 905 2185 sunt
948 2143 1078 2185 nobis
1110 2144 1154 2184 in
1185 2149 1344 2185 natura
1387 2143 1568 2184 nimium
1601 2143 1836 2198 incognita.

506 2212 598 2255 Nec
631 2214 831 2271 sequitur
864 2229 920 2256 ex
951 2215 1050 2269 isto,
1086 2213 1204 2271 quod
1240 2228 1402 2270 corpus
1436 2213 1624 2256 hominis
1657 2212 1836 2256 brutum

505 2283 619 2326 foret
662 2283 734 2327 vel
777 2284 937 2339 bestia3
989 2284 1068 2327 sed
1107 2290 1279 2341 partem
1320 2284 1654 2341 quantitativam
1699 2283 1837 2326 homi-

505 2354 571 2395 nis
605 2354 799 2396 concedo
853 2354 1013 2397 animal
1058 2370 1154 2397 esse
1196 2354 1503 2411 imperfectum
1543 2353 1837 2397 beatificabile
1853 2366 1897 2398 30

553 2438 584 2469 9.
611 2437 768 2469 animata
793 2448 856 2469 om.
882 2437 922 2469 A.
1021 2439 1075 2470 11.
1104 2437 1147 2470 de
1179 2437 1299 2469 multis
1328 2456 1365 2461 —
1390 2440 1513 2470 contra
1539 2447 1662 2469 omnes
1688 2448 1750 2469 om.
1779 2437 1837 2471 Pr.

507 2497 562 2528 12.
587 2497 624 2527 in
643 2495 737 2527 idem
757 2507 818 2528 om.
840 2496 878 2528 C.
976 2497 1030 2528 13.
1056 2495 1148 2528 tales
1169 2507 1240 2538 pro
1258 2495 1340 2528 illos
1360 2495 1397 2528 O.
1497 2498 1551 2529 15.
1579 2499 1643 2528 etc.
1670 2507 1732 2528 om.
1752 2497 1780 2528 B
1796 2496 1835 2528 P.

508 2556 560 2587 16.
589 2554 784 2597 composita
811 2566 882 2597 pro
914 2556 1074 2587 continui
1099 2555 1139 2586 A.
1238 2556 1291 2587 19.
1328 2558 1421 2587 esset
1455 2555 1483 2586 B
1501 2554 1583 2595 GP,
1610 2558 1747 2596 oportet
1766 2566 1836 2597 pro

508 2617 560 2646 est
584 2614 642 2645 Pr.
715 2616 770 2647 20.
796 2614 872 2647 Nec
897 2614 976 2657 plus
996 2632 1039 2638 —-
1061 2614 1193 2646 animal
1221 2625 1283 2646 om.
1313 2613 1351 2646 C.
1425 2616 1479 2646 22.
1508 2613 1665 2655 aliquam
1691 2613 1721 2645 A
1737 2613 1834 2646 CPr.

505 2674 561 2705 23.
589 2672 782 2715 perfectum
808 2674 865 2705 Pr.
963 2675 1020 2706 24.
1047 2683 1130 2715 ergo
1157 2684 1219 2705 om.
1248 2673 1287 2706 C.
1385 2675 1440 2705 26.
1467 2677 1551 2704 tunc
1582 2682 1669 2714 pure
1690 2683 1760 2714 pro
1785 2675 1837 2705 tot

505 2732 642 2774 precise
668 2731 812 2764 BPPr.
886 2734 940 2764 27.
966 2732 1002 2763 in
1028 2734 1156 2763 natura
1175 2743 1236 2765 om.
1263 2732 1291 2763 B
1307 2732 1347 2772 P,
1378 2731 1479 2763 finita
1505 2732 1542 2762 in
1560 2734 1687 2763 natura
1714 2741 1835 2763 earum

507 2793 589 2822 sunt
614 2790 716 2822 nobis
743 2789 770 2822 C
784 2790 841 2822 Pr.
915 2791 969 2823 28.
997 2790 1102 2822 homo
1122 2791 1150 2822 B
1170 2794 1274 2832 essct,
1302 2801 1389 2823 corr.
1409 2789 1487 2822 ead.
1505 2801 1548 2821 m.
1567 2790 1605 2821 in
1624 2801 1667 2821 m.
1685 2789 1777 2822 foret
1794 2789 1834 2821 A.

508 2850 562 2880 30.
590 2848 818 2882 concedendo
845 2849 887 2890 A,
915 2860 991 2881 csse
1018 2860 1081 2881 om.
1109 2849 1136 2881 B
1153 2850 1192 2889 P,
1221 2859 1324 2881 omne
1346 2853 1426 2890 post
1453 2848 1587 2880 animal
1612 2847 1696 2880 add.
1723 2848 1762 2881 B.
