<?xml version="1.0" encoding="UTF-8"?>
<!DOCTYPE html PUBLIC "-//W3C//DTD XHTML 1.0 Transitional//EN"
    "http://www.w3.org/TR/xhtml1/DTD/xhtml1-transitional.dtd">
<html xmlns="http://www.w3.org/1999/xhtml" xml:lang="en" lang="en">
 <head>
  <title>
</title>
<meta http-equiv="Content-Type" content="text/html;charset=utf-8" />
  <meta name='ocr-system' content='tesseract 3.04.00' />
  <meta name='ocr-capabilities' content='ocr_page ocr_carea ocr_par ocr_line ocrx_word'/>
</head>
<body>
  <div class='ocr_page' id='page_1' title='image "./decompositioneho00wycl_0159.png"; bbox 0 0 2035 3359; ppageno 0'>
   <div class='ocr_carea' id='block_1_1' title="bbox 218 202 1830 243">
    <p class='ocr_par' dir='ltr' id='par_1_1' title="bbox 218 202 1830 243">
     <span class='ocr_line' id='line_1_1' title="bbox 218 202 1830 243; baseline -0.009 1"><span class='ocrx_word' id='word_1_1' title='bbox 218 217 302 243; x_wconf 62' lang='lat' dir='ltr'>cn.</span> <span class='ocrx_word' id='word_1_2' title='bbox 321 217 390 243; x_wconf 82' lang='lat' dir='ltr'>vn.</span> <span class='ocrx_word' id='word_1_3' title='bbox 529 205 594 237; x_wconf 81' lang='lat' dir='ltr'>DE</span> <span class='ocrx_word' id='word_1_4' title='bbox 622 203 985 237; x_wconf 77' lang='lat' dir='ltr'>OOMPOSICIONE</span> <span class='ocrx_word' id='word_1_5' title='bbox 1012 202 1215 235; x_wconf 80' lang='lat' dir='ltr'>H0M1N1s</span> <span class='ocrx_word' id='word_1_6' title='bbox 1750 207 1800 242; x_wconf 77' lang='lat'>13</span> <span class='ocrx_word' id='word_1_7' title='bbox 1807 207 1830 242; x_wconf 85' lang='lat'><strong>3</strong></span> 
     </span>
    </p>
   </div>
   <div class='ocr_carea' id='block_1_2' title="bbox 186 317 1546 938">
    <p class='ocr_par' dir='ltr' id='par_1_2' title="bbox 186 317 1546 938">
     <span class='ocr_line' id='line_1_2' title="bbox 217 317 1541 379; baseline -0.004 -15"><span class='ocrx_word' id='word_1_8' title='bbox 217 324 357 379; x_wconf 89' lang='lat' dir='ltr'>inquit</span> <span class='ocrx_word' id='word_1_9' title='bbox 379 328 708 378; x_wconf 80' lang='lat' dir='ltr'><strong>commentator,</strong></span> <span class='ocrx_word' id='word_1_10' title='bbox 732 322 874 377; x_wconf 83' lang='lat' dir='ltr'>arguit</span> <span class='ocrx_word' id='word_1_11' title='bbox 896 322 945 375; x_wconf 79' lang='lat' dir='ltr'>si,</span> <span class='ocrx_word' id='word_1_12' title='bbox 968 320 1097 375; x_wconf 81' lang='lat' dir='ltr'>idem,</span> <span class='ocrx_word' id='word_1_13' title='bbox 1123 318 1241 376; x_wconf 87' lang='lat' dir='ltr'>quod</span> <span class='ocrx_word' id='word_1_14' title='bbox 1265 323 1330 361; x_wconf 82' lang='lat' dir='ltr'>est</span> <span class='ocrx_word' id='word_1_15' title='bbox 1352 317 1541 375; x_wconf 82' lang='lat' dir='ltr'>quiditas</span> 
     </span>
     <span class='ocr_line' id='line_1_3' title="bbox 218 387 1543 449; baseline -0.005 -15"><span class='ocrx_word' id='word_1_16' title='bbox 218 392 404 436; x_wconf 80' lang='lat' dir='ltr'>hominis</span> <span class='ocrx_word' id='word_1_17' title='bbox 437 400 515 449; x_wconf 68' lang='lat' dir='ltr'>est,</span> <span class='ocrx_word' id='word_1_18' title='bbox 537 392 681 446; x_wconf 83' lang='lat' dir='ltr'>homo,</span> <span class='ocrx_word' id='word_1_19' title='bbox 706 392 782 435; x_wconf 85' lang='lat' dir='ltr'>sed</span> <span class='ocrx_word' id='word_1_20' title='bbox 804 393 934 434; x_wconf 89' lang='lat' dir='ltr'>homo</span> <span class='ocrx_word' id='word_1_21' title='bbox 964 391 1100 433; x_wconf 84' lang='lat' dir='ltr'>habet</span> <span class='ocrx_word' id='word_1_22' title='bbox 1121 390 1390 448; x_wconf 84' lang='lat' dir='ltr'>quiditatem,</span> <span class='ocrx_word' id='word_1_23' title='bbox 1411 387 1543 443; x_wconf 80' lang='lat' dir='ltr'>igitur</span> 
     </span>
     <span class='ocr_line' id='line_1_4' title="bbox 220 457 1543 520; baseline -0.006 -15"><span class='ocrx_word' id='word_1_24' title='bbox 220 463 408 520; x_wconf 81' lang='lat' dir='ltr'>quiditas</span> <span class='ocrx_word' id='word_1_25' title='bbox 452 463 586 505; x_wconf 84' lang='lat' dir='ltr'>habet</span> <span class='ocrx_word' id='word_1_26' title='bbox 629 462 886 519; x_wconf 85' lang='lat' dir='ltr'>quiditatem</span> <span class='ocrx_word' id='word_1_27' title='bbox 933 469 974 504; x_wconf 85' lang='lat' dir='ltr'>et</span> <span class='ocrx_word' id='word_1_28' title='bbox 1018 462 1078 504; x_wconf 88' lang='lat' dir='ltr'>sic</span> <span class='ocrx_word' id='word_1_29' title='bbox 1116 464 1159 503; x_wconf 90' lang='lat' dir='ltr'>in</span> <span class='ocrx_word' id='word_1_30' title='bbox 1202 459 1428 501; x_wconf 81' lang='lat' dir='ltr'>infinitum.</span> <span class='ocrx_word' id='word_1_31' title='bbox 1485 457 1543 498; x_wconf 83' lang='lat' dir='ltr'>Et</span> 
     </span>
     <span class='ocr_line' id='line_1_5' title="bbox 220 529 1541 590; baseline -0.005 -15"><span class='ocrx_word' id='word_1_32' title='bbox 220 532 384 575; x_wconf 86' lang='lat' dir='ltr'>solucio</span> <span class='ocrx_word' id='word_1_33' title='bbox 419 539 496 589; x_wconf 80' lang='lat' dir='ltr'>est,</span> <span class='ocrx_word' id='word_1_34' title='bbox 521 533 741 590; x_wconf 87' lang='lat' dir='ltr'>quomodo</span> <span class='ocrx_word' id='word_1_35' title='bbox 766 533 954 589; x_wconf 82' lang='lat' dir='ltr'>quiditas</span> <span class='ocrx_word' id='word_1_36' title='bbox 977 532 1165 574; x_wconf 84' lang='lat' dir='ltr'>hominis</span> <span class='ocrx_word' id='word_1_37' title='bbox 1201 536 1266 572; x_wconf 83' lang='lat' dir='ltr'>est</span> <span class='ocrx_word' id='word_1_38' title='bbox 1292 529 1423 570; x_wconf 89' lang='lat' dir='ltr'>homo</span> <span class='ocrx_word' id='word_1_39' title='bbox 1456 542 1541 569; x_wconf 89' lang='lat' dir='ltr'>uno</span> 
     </span>
     <span class='ocr_line' id='line_1_6' title="bbox 186 599 1542 658; baseline -0.006 -12"><span class='ocrx_word' id='word_1_40' title='bbox 186 603 366 658; x_wconf 84' lang='lat' dir='ltr'>5modo‚</span> <span class='ocrx_word' id='word_1_41' title='bbox 398 603 443 644; x_wconf 86' lang='lat' dir='ltr'>id</span> <span class='ocrx_word' id='word_1_42' title='bbox 477 610 543 644; x_wconf 83' lang='lat' dir='ltr'>est</span> <span class='ocrx_word' id='word_1_43' title='bbox 573 602 714 645; x_wconf 85' lang='lat' dir='ltr'>forma</span> <span class='ocrx_word' id='word_1_44' title='bbox 744 602 944 645; x_wconf 82' lang='lat' dir='ltr'>hominis.</span> <span class='ocrx_word' id='word_1_45' title='bbox 1006 601 1137 643; x_wconf 82' lang='lat' dir='ltr'>Unde</span> <span class='ocrx_word' id='word_1_46' title='bbox 1183 605 1227 641; x_wconf 83' lang='lat'>20</span> <span class='ocrx_word' id='word_1_47' title='bbox 1270 599 1542 641; x_wconf 88' lang='lat' dir='ltr'>Phisicorum</span> 
     </span>
     <span class='ocr_line' id='line_1_7' title="bbox 222 669 1544 730; baseline -0.004 -17"><span class='ocrx_word' id='word_1_48' title='bbox 222 673 337 730; x_wconf 78' lang='lat' dir='ltr'>dicit,</span> <span class='ocrx_word' id='word_1_49' title='bbox 383 672 499 730; x_wconf 90' lang='lat' dir='ltr'>quod</span> <span class='ocrx_word' id='word_1_50' title='bbox 544 687 680 727; x_wconf 83' lang='lat' dir='ltr'>genus</span> <span class='ocrx_word' id='word_1_51' title='bbox 725 679 789 715; x_wconf 87' lang='lat' dir='ltr'>est</span> <span class='ocrx_word' id='word_1_52' title='bbox 832 687 961 715; x_wconf 88' lang='lat' dir='ltr'>causa</span> <span class='ocrx_word' id='word_1_53' title='bbox 1004 670 1196 714; x_wconf 85' lang='lat' dir='ltr'>formalis</span> <span class='ocrx_word' id='word_1_54' title='bbox 1240 670 1316 725; x_wconf 69' lang='lat' dir='ltr'>rei,</span> <span class='ocrx_word' id='word_1_55' title='bbox 1351 669 1464 725; x_wconf 88' lang='lat' dir='ltr'>quia,</span> <span class='ocrx_word' id='word_1_56' title='bbox 1496 673 1544 709; x_wconf 81' lang='lat' dir='ltr'>ut</span> 
     </span>
     <span class='ocr_line' id='line_1_8' title="bbox 223 737 1546 799; baseline -0.005 -15"><span class='ocrx_word' id='word_1_57' title='bbox 223 744 326 784; x_wconf 85' lang='lat' dir='ltr'>dicit</span> <span class='ocrx_word' id='word_1_58' title='bbox 370 746 415 783; x_wconf 85' lang='lat'>8⁰</span> <span class='ocrx_word' id='word_1_59' title='bbox 455 743 740 799; x_wconf 84' lang='lat' dir='ltr'>metaphisice</span> <span class='ocrx_word' id='word_1_60' title='bbox 774 746 818 781; x_wconf 81' lang='grc' dir='ltr'>7Ο</span> <span class='ocrx_word' id='word_1_61' title='bbox 853 741 1010 783; x_wconf 89' lang='lat' dir='ltr'>animal</span> <span class='ocrx_word' id='word_1_62' title='bbox 1056 738 1354 798; x_wconf 78' lang='lat' dir='ltr'>principaliter</span> <span class='ocrx_word' id='word_1_63' title='bbox 1386 737 1546 779; x_wconf 81' lang='lat' dir='ltr'>dicitur</span> 
     </span>
     <span class='ocr_line' id='line_1_9' title="bbox 223 809 1544 869; baseline -0.006 -14"><span class='ocrx_word' id='word_1_64' title='bbox 223 813 276 855; x_wconf 90' lang='lat' dir='ltr'>de</span> <span class='ocrx_word' id='word_1_65' title='bbox 308 813 467 867; x_wconf 86' lang='lat' dir='ltr'>forma;</span> <span class='ocrx_word' id='word_1_66' title='bbox 501 820 543 855; x_wconf 83' lang='lat' dir='ltr'>et</span> <span class='ocrx_word' id='word_1_67' title='bbox 574 812 690 855; x_wconf 89' lang='lat' dir='ltr'>idem</span> <span class='ocrx_word' id='word_1_68' title='bbox 724 819 843 869; x_wconf 79' lang='lat' dir='ltr'>patet</span> <span class='ocrx_word' id='word_1_69' title='bbox 876 815 921 851; x_wconf 76' lang='lat'>40</span> <span class='ocrx_word' id='word_1_70' title='bbox 955 819 996 854; x_wconf 80' lang='lat' dir='ltr'>et</span> <span class='ocrx_word' id='word_1_71' title='bbox 1017 811 1168 853; x_wconf 85' lang='lat' dir='ltr'>ultimo</span> <span class='ocrx_word' id='word_1_72' title='bbox 1194 809 1387 852; x_wconf 88' lang='lat' dir='ltr'>eiusdem</span> <span class='ocrx_word' id='word_1_73' title='bbox 1423 810 1460 847; x_wconf 78' lang='lat' dir='ltr'>8i</span> <span class='ocrx_word' id='word_1_74' title='bbox 1502 813 1544 848; x_wconf 62' lang='lat' dir='ltr'>e*</span> 
     </span>
     <span class='ocr_line' id='line_1_10' title="bbox 221 882 785 938; baseline -0.002 -14"><span class='ocrx_word' id='word_1_75' title='bbox 221 882 324 924; x_wconf 88' lang='lat' dir='ltr'>alibi</span> <span class='ocrx_word' id='word_1_76' title='bbox 356 883 459 925; x_wconf 84' lang='lat' dir='ltr'>satis</span> <span class='ocrx_word' id='word_1_77' title='bbox 492 898 597 938; x_wconf 85' lang='lat' dir='ltr'>sepe</span> <span class='ocrx_word' id='word_1_78' title='bbox 602 915 785 926; x_wconf 87' lang='grc'><strong>.....</strong></span> 
     </span>
    </p>
   </div>
   <div class='ocr_carea' id='block_1_3' title="bbox 315 995 1549 1982">
    <p class='ocr_par' dir='ltr' id='par_1_3' title="bbox 315 995 1549 1982">
     <span class='ocr_line' id='line_1_11' title="bbox 315 995 1544 1040; baseline -0.004 -9"><span class='ocrx_word' id='word_1_79' title='bbox 315 999 432 1040; x_wconf 75' lang='lat' dir='ltr'>aliud5</span> <span class='ocrx_word' id='word_1_80' title='bbox 466 1001 497 1031; x_wconf 71' lang='lat' dir='ltr'>si</span> <span class='ocrx_word' id='word_1_81' title='bbox 529 999 639 1039; x_wconf 77' lang='lat' dir='ltr'>aliud,</span> <span class='ocrx_word' id='word_1_82' title='bbox 666 1004 747 1031; x_wconf 77' lang='lat' dir='ltr'>tunc</span> <span class='ocrx_word' id='word_1_83' title='bbox 771 998 866 1031; x_wconf 76' lang='lat' dir='ltr'>homo</span> <span class='ocrx_word' id='word_1_84' title='bbox 891 1010 962 1031; x_wconf 69' lang='lat' dir='ltr'>‘non</span> <span class='ocrx_word' id='word_1_85' title='bbox 987 997 1122 1030; x_wconf 74' lang='lat' dir='ltr'>habebit</span> <span class='ocrx_word' id='word_1_86' title='bbox 1149 998 1361 1039; x_wconf 75' lang='lat' dir='ltr'>quiditatem,</span> <span class='ocrx_word' id='word_1_87' title='bbox 1387 997 1418 1027; x_wconf 74' lang='lat' dir='ltr'>si</span> <span class='ocrx_word' id='word_1_88' title='bbox 1442 995 1544 1034; x_wconf 80' lang='lat' dir='ltr'>idem,</span> 
     </span>
     <span class='ocr_line' id='line_1_12' title="bbox 316 1055 1545 1099; baseline -0.004 -9"><span class='ocrx_word' id='word_1_89' title='bbox 316 1064 397 1091; x_wconf 70' lang='lat' dir='ltr'>cunc</span> <span class='ocrx_word' id='word_1_90' title='bbox 423 1059 576 1099; x_wconf 73' lang='lat' dir='ltr'>quiditas·</span> <span class='ocrx_word' id='word_1_91' title='bbox 608 1058 754 1090; x_wconf 77' lang='lat' dir='ltr'>hominis</span> <span class='ocrx_word' id='word_1_92' title='bbox 779 1063 827 1090; x_wconf 57' lang='lat' dir='ltr'>es&amp;</span> <span class='ocrx_word' id='word_1_93' title='bbox 852 1057 966 1089; x_wconf 74' lang='lat' dir='ltr'>homo:</span> <span class='ocrx_word' id='word_1_94' title='bbox 1004 1063 1033 1090; x_wconf 68' lang='lat' dir='ltr'>et</span> <span class='ocrx_word' id='word_1_95' title='bbox 1063 1057 1159 1089; x_wconf 67' lang='lat' dir='ltr'>homo</span> <span class='ocrx_word' id='word_1_96' title='bbox 1193 1056 1294 1088; x_wconf 71' lang='lat' dir='ltr'>habet</span> <span class='ocrx_word' id='word_1_97' title='bbox 1326 1055 1545 1097; x_wconf 69' lang='lat' dir='ltr'>quiditatem:</span> 
     </span>
     <span class='ocr_line' id='line_1_13' title="bbox 316 1113 1546 1159; baseline -0.005 -10"><span class='ocrx_word' id='word_1_98' title='bbox 316 1128 393 1159; x_wconf 75' lang='lat' dir='ltr'>eryo</span> <span class='ocrx_word' id='word_1_99' title='bbox 419 1117 570 1159; x_wconf 73' lang='lat' dir='ltr'>quiditas</span> <span class='ocrx_word' id='word_1_100' title='bbox 595 1115 727 1148; x_wconf 78' lang='lat' dir='ltr'>habebit</span> <span class='ocrx_word' id='word_1_101' title='bbox 754 1116 963 1157; x_wconf 68' lang='lat' dir='ltr'>quiditatem,</span> <span class='ocrx_word' id='word_1_102' title='bbox 990 1121 1019 1148; x_wconf 72' lang='lat' dir='ltr'>et</span> <span class='ocrx_word' id='word_1_103' title='bbox 1044 1118 1093 1147; x_wconf 69' lang='lat' dir='ltr'>sic</span> <span class='ocrx_word' id='word_1_104' title='bbox 1117 1117 1154 1146; x_wconf 80' lang='lat' dir='ltr'>in</span> <span class='ocrx_word' id='word_1_105' title='bbox 1179 1114 1370 1155; x_wconf 75' lang='lat' dir='ltr'>infinitum.</span> <span class='ocrx_word' id='word_1_106' title='bbox 1460 1115 1489 1144; x_wconf 88' lang='lat'>1.</span> <span class='ocrx_word' id='word_1_107' title='bbox 1517 1113 1546 1144; x_wconf 83' lang='lat' dir='ltr'>si</span> 
     </span>
     <span class='ocr_line' id='line_1_14' title="bbox 316 1171 1545 1208; baseline -0.003 -1"><span class='ocrx_word' id='word_1_108' title='bbox 316 1187 380 1207; x_wconf 87' lang='lat' dir='ltr'>om.</span> <span class='ocrx_word' id='word_1_109' title='bbox 419 1179 460 1208; x_wconf 80' lang='lat' dir='ltr'>A.</span> <span class='ocrx_word' id='word_1_110' title='bbox 581 1178 633 1207; x_wconf 85' lang='lat' dir='ltr'>est</span> <span class='ocrx_word' id='word_1_111' title='bbox 670 1186 732 1206; x_wconf 84' lang='lat' dir='ltr'>om.</span> <span class='ocrx_word' id='word_1_112' title='bbox 771 1174 810 1206; x_wconf 89' lang='lat' dir='ltr'>A.</span> <span class='ocrx_word' id='word_1_113' title='bbox 934 1176 963 1206; x_wconf 85' lang='lat'>7.</span> <span class='ocrx_word' id='word_1_114' title='bbox 1004 1176 1175 1205; x_wconf 81' lang='lat' dir='ltr'>Averroes</span> <span class='ocrx_word' id='word_1_115' title='bbox 1213 1183 1337 1205; x_wconf 88' lang='lat' dir='ltr'>comm.</span> <span class='ocrx_word' id='word_1_116' title='bbox 1374 1172 1411 1203; x_wconf 88' lang='lat' dir='ltr'>in</span> <span class='ocrx_word' id='word_1_117' title='bbox 1441 1171 1545 1203; x_wconf 78' lang='lat' dir='ltr'>Arist.</span> 
     </span>
     <span class='ocr_line' id='line_1_15' title="bbox 316 1230 1546 1277; baseline -0.005 -10"><span class='ocrx_word' id='word_1_118' title='bbox 316 1235 470 1277; x_wconf 79' lang='lat' dir='ltr'>Metaph.</span> <span class='ocrx_word' id='word_1_119' title='bbox 502 1235 588 1266; x_wconf 89' lang='lat' dir='ltr'>VIII</span> <span class='ocrx_word' id='word_1_120' title='bbox 617 1235 650 1275; x_wconf 84' lang='lat'>4,</span> <span class='ocrx_word' id='word_1_121' title='bbox 682 1236 699 1265; x_wconf 83' lang='lat'><strong>7</strong></span> <span class='ocrx_word' id='word_1_122' title='bbox 745 1234 825 1276; x_wconf 70' lang='lat' dir='ltr'><em>(Ed.</em></span> <span class='ocrx_word' id='word_1_123' title='bbox 861 1234 938 1267; x_wconf 79' lang='lat' dir='ltr'>Ven.</span> <span class='ocrx_word' id='word_1_124' title='bbox 984 1232 1081 1266; x_wconf 89' lang='lat' dir='ltr'><em>VIII</em></span> <span class='ocrx_word' id='word_1_125' title='bbox 1118 1234 1217 1274; x_wconf 85' lang='lat'><strong><em>102).</em></strong></span> <span class='ocrx_word' id='word_1_126' title='bbox 1256 1231 1302 1263; x_wconf 70' lang='lat' dir='ltr'>Et</span> <span class='ocrx_word' id='word_1_127' title='bbox 1338 1230 1546 1269; x_wconf 68' lang='lat' dir='ltr'>incendebat,</span> 
     </span>
     <span class='ocr_line' id='line_1_16' title="bbox 317 1289 1546 1336; baseline -0.002 -11"><span class='ocrx_word' id='word_1_128' title='bbox 317 1293 407 1336; x_wconf 81' lang='lat' dir='ltr'>quod</span> <span class='ocrx_word' id='word_1_129' title='bbox 442 1292 503 1325; x_wconf 76' lang='lat' dir='ltr'>hoc</span> <span class='ocrx_word' id='word_1_130' title='bbox 538 1303 658 1324; x_wconf 74' lang='lat' dir='ltr'>&#39;nomen</span> <span class='ocrx_word' id='word_1_131' title='bbox 703 1292 836 1324; x_wconf 78' lang='lat' dir='ltr'>animal</span> <span class='ocrx_word' id='word_1_132' title='bbox 861 1293 988 1324; x_wconf 72' lang='lat' dir='ltr'>dicitur</span> <span class='ocrx_word' id='word_1_133' title='bbox 1008 1290 1259 1333; x_wconf 74' lang='lat' dir='ltr'>principaliter</span> <span class='ocrx_word' id='word_1_134' title='bbox 1283 1289 1325 1321; x_wconf 80' lang='lat' dir='ltr'>cle</span> <span class='ocrx_word' id='word_1_135' title='bbox 1341 1291 1476 1331; x_wconf 79' lang='lat' dir='ltr'>forma.</span> <span class='ocrx_word' id='word_1_136' title='bbox 1507 1306 1546 1311; x_wconf 75' lang='lat'>-—</span> 
     </span>
     <span class='ocr_line' id='line_1_17' title="bbox 318 1339 1548 1393; baseline -0.005 -8"><span class='ocrx_word' id='word_1_137' title='bbox 318 1355 348 1385; x_wconf 87' lang='lat'>9.</span> <span class='ocrx_word' id='word_1_138' title='bbox 380 1354 419 1385; x_wconf 91' lang='lat' dir='ltr'>In</span> <span class='ocrx_word' id='word_1_139' title='bbox 448 1357 483 1385; x_wconf 84' lang='lat' dir='ltr'>te</span> <span class='ocrx_word' id='word_1_140' title='bbox 514 1339 581 1384; x_wconf 56' lang='lat' dir='ltr'>dne</span> <span class='ocrx_word' id='word_1_141' title='bbox 610 1352 759 1385; x_wconf 88' lang='lat' dir='ltr'>confido.</span> <span class='ocrx_word' id='word_1_142' title='bbox 794 1352 797 1391; x_wconf 95' lang='grc' dir='ltr'>Ι</span> <span class='ocrx_word' id='word_1_143' title='bbox 828 1351 979 1393; x_wconf 81' lang='lat' dir='ltr'>Explicit</span> <span class='ocrx_word' id='word_1_144' title='bbox 1009 1352 1179 1382; x_wconf 78' lang='lat' dir='ltr'>tractatus</span> <span class='ocrx_word' id='word_1_145' title='bbox 1209 1349 1252 1381; x_wconf 85' lang='lat' dir='ltr'>de</span> <span class='ocrx_word' id='word_1_146' title='bbox 1288 1349 1548 1391; x_wconf 82' lang='lat' dir='ltr'>composicione</span> 
     </span>
     <span class='ocr_line' id='line_1_18' title="bbox 316 1407 1547 1454; baseline -0.004 -11"><span class='ocrx_word' id='word_1_147' title='bbox 316 1412 480 1444; x_wconf 87' lang='lat' dir='ltr'>Hominis</span> <span class='ocrx_word' id='word_1_148' title='bbox 494 1411 652 1454; x_wconf 82' lang='lat' dir='ltr'>Magistri</span> <span class='ocrx_word' id='word_1_149' title='bbox 676 1410 681 1454; x_wconf 93' lang='grc' dir='ltr'>Ι</span> <span class='ocrx_word' id='word_1_150' title='bbox 702 1411 877 1443; x_wconf 81' lang='lat' dir='ltr'>Johannis</span> <span class='ocrx_word' id='word_1_151' title='bbox 892 1409 1075 1452; x_wconf 90' lang='lat' dir='ltr'>Wycleph.</span> <span class='ocrx_word' id='word_1_152' title='bbox 1094 1408 1303 1451; x_wconf 78' lang='lat' dir='ltr'>professoris</span> <span class='ocrx_word' id='word_1_153' title='bbox 1322 1417 1420 1440; x_wconf 88' lang='lat' dir='ltr'>sacre</span> <span class='ocrx_word' id='word_1_154' title='bbox 1434 1407 1547 1439; x_wconf 88' lang='lat' dir='ltr'>Theo-</span> 
     </span>
     <span class='ocr_line' id='line_1_19' title="bbox 317 1452 1548 1512; baseline -0.004 -10"><span class='ocrx_word' id='word_1_155' title='bbox 317 1470 409 1512; x_wconf 80' lang='lat' dir='ltr'>logie</span> <span class='ocrx_word' id='word_1_156' title='bbox 434 1470 512 1502; x_wconf 82' lang='lat' dir='ltr'>Per.</span> <span class='ocrx_word' id='word_1_157' title='bbox 535 1471 539 1510; x_wconf 91' lang='grc' dir='ltr'>Ι</span> <span class='ocrx_word' id='word_1_158' title='bbox 561 1470 706 1502; x_wconf 85' lang='lat' dir='ltr'>Petrum</span> <span class='ocrx_word' id='word_1_159' title='bbox 724 1469 767 1501; x_wconf 90' lang='lat' dir='ltr'>de</span> <span class='ocrx_word' id='word_1_160' title='bbox 787 1468 982 1500; x_wconf 81' lang='lat' dir='ltr'>Czaslawia</span> <span class='ocrx_word' id='word_1_161' title='bbox 1008 1471 1108 1500; x_wconf 89' lang='lat' dir='ltr'>Anno</span> <span class='ocrx_word' id='word_1_162' title='bbox 1136 1452 1262 1499; x_wconf 69' lang='lat' dir='ltr'>(ff1im0</span> <span class='ocrx_word' id='word_1_163' title='bbox 1289 1465 1424 1498; x_wconf 83' lang='lat' dir='ltr'>CCCC⁰</span> <span class='ocrx_word' id='word_1_164' title='bbox 1448 1466 1548 1497; x_wconf 89' lang='lat' dir='ltr'>XXX</span> 
     </span>
     <span class='ocr_line' id='line_1_20' title="bbox 318 1512 1548 1570; baseline -0.004 -9"><span class='ocrx_word' id='word_1_165' title='bbox 318 1530 367 1561; x_wconf 65' lang='lat'><strong>11⁴·</strong></span> <span class='ocrx_word' id='word_1_166' title='bbox 392 1529 595 1561; x_wconf 85' lang='lat' dir='ltr'>immediate</span> <span class='ocrx_word' id='word_1_167' title='bbox 618 1528 622 1570; x_wconf 92' lang='grc' dir='ltr'>Ι</span> <span class='ocrx_word' id='word_1_168' title='bbox 645 1532 727 1560; x_wconf 80' lang='lat' dir='ltr'>ante</span> <span class='ocrx_word' id='word_1_169' title='bbox 754 1527 1071 1559; x_wconf 87' lang='lat' dir='ltr'>Circumcicionem</span> <span class='ocrx_word' id='word_1_170' title='bbox 1096 1514 1166 1558; x_wconf 59' lang='lat' dir='ltr'>DBi</span> <span class='ocrx_word' id='word_1_171' title='bbox 1186 1517 1239 1558; x_wconf 50' lang='lat' dir='ltr'>nii</span> <span class='ocrx_word' id='word_1_172' title='bbox 1256 1512 1347 1557; x_wconf 62' lang='lat' dir='ltr'>ffi</span> <span class='ocrx_word' id='word_1_173' title='bbox 1365 1525 1412 1557; x_wconf 79' lang='lat' dir='ltr'>Et</span> <span class='ocrx_word' id='word_1_174' title='bbox 1429 1524 1548 1557; x_wconf 70' lang='lat' dir='ltr'>finitus</span> 
     </span>
     <span class='ocr_line' id='line_1_21' title="bbox 319 1583 1549 1631; baseline -0.004 -11"><span class='ocrx_word' id='word_1_175' title='bbox 319 1591 371 1621; x_wconf 78' lang='lat' dir='ltr'>est</span> <span class='ocrx_word' id='word_1_176' title='bbox 409 1587 606 1620; x_wconf 82' lang='lat' dir='ltr'>Glattowie.</span> <span class='ocrx_word' id='word_1_177' title='bbox 641 1585 646 1631; x_wconf 96' lang='grc' dir='ltr'>Ι</span> <span class='ocrx_word' id='word_1_178' title='bbox 681 1586 825 1619; x_wconf 86' lang='lat' dir='ltr'>Salvum</span> <span class='ocrx_word' id='word_1_179' title='bbox 862 1586 918 1618; x_wconf 85' lang='lat' dir='ltr'>fac</span> <span class='ocrx_word' id='word_1_180' title='bbox 955 1596 1094 1618; x_wconf 88' lang='lat' dir='ltr'>servum</span> <span class='ocrx_word' id='word_1_181' title='bbox 1132 1588 1232 1617; x_wconf 82' lang='lat' dir='ltr'>tuum</span> <span class='ocrx_word' id='word_1_182' title='bbox 1270 1584 1421 1624; x_wconf 84' lang='lat' dir='ltr'>domine,</span> <span class='ocrx_word' id='word_1_183' title='bbox 1465 1583 1549 1616; x_wconf 76' lang='lat' dir='ltr'>haec</span> 
     </span>
     <span class='ocr_line' id='line_1_22' title="bbox 318 1643 1549 1679; baseline -0.004 0"><span class='ocrx_word' id='word_1_184' title='bbox 318 1647 506 1679; x_wconf 72' lang='lat' dir='ltr'>novissima</span> <span class='ocrx_word' id='word_1_185' title='bbox 530 1645 632 1678; x_wconf 75' lang='lat' dir='ltr'>verba</span> <span class='ocrx_word' id='word_1_186' title='bbox 658 1650 849 1677; x_wconf 72' lang='lat' dir='ltr'>atramento</span> <span class='ocrx_word' id='word_1_187' title='bbox 874 1643 981 1676; x_wconf 67' lang='lat' dir='ltr'>‘rubro</span> <span class='ocrx_word' id='word_1_188' title='bbox 1007 1645 1047 1676; x_wconf 82' lang='lat' dir='ltr'>A.</span> <span class='ocrx_word' id='word_1_189' title='bbox 1072 1644 1119 1676; x_wconf 74' lang='lat' dir='ltr'>Et</span> <span class='ocrx_word' id='word_1_190' title='bbox 1145 1645 1195 1675; x_wconf 87' lang='lat' dir='ltr'>sic</span> <span class='ocrx_word' id='word_1_191' title='bbox 1214 1648 1264 1676; x_wconf 84' lang='lat' dir='ltr'>est</span> <span class='ocrx_word' id='word_1_192' title='bbox 1282 1643 1361 1675; x_wconf 89' lang='lat' dir='ltr'>finis</span> <span class='ocrx_word' id='word_1_193' title='bbox 1378 1645 1549 1675; x_wconf 77' lang='lat' dir='ltr'>tractatus</span> 
     </span>
     <span class='ocr_line' id='line_1_23' title="bbox 322 1703 1549 1747; baseline -0.004 -9"><span class='ocrx_word' id='word_1_194' title='bbox 322 1706 365 1738; x_wconf 87' lang='lat' dir='ltr'>de</span> <span class='ocrx_word' id='word_1_195' title='bbox 391 1706 653 1747; x_wconf 86' lang='lat' dir='ltr'>composicione</span> <span class='ocrx_word' id='word_1_196' title='bbox 678 1704 829 1736; x_wconf 76' lang='lat' dir='ltr'>hominis</span> <span class='ocrx_word' id='word_1_197' title='bbox 851 1709 931 1745; x_wconf 73' lang='lat' dir='ltr'>post</span> <span class='ocrx_word' id='word_1_198' title='bbox 957 1713 1040 1746; x_wconf 84' lang='lat' dir='ltr'>sepe</span> <span class='ocrx_word' id='word_1_199' title='bbox 1066 1703 1150 1735; x_wconf 68' lang='lat' dir='ltr'>adel.</span> <span class='ocrx_word' id='word_1_200' title='bbox 1175 1703 1257 1735; x_wconf 90' lang='lat' dir='ltr'>BP.</span> <span class='ocrx_word' id='word_1_201' title='bbox 1295 1703 1372 1734; x_wconf 89' lang='lat' dir='ltr'>Deo</span> <span class='ocrx_word' id='word_1_202' title='bbox 1399 1703 1549 1744; x_wconf 79' lang='lat' dir='ltr'>gracias.</span> 
     </span>
     <span class='ocr_line' id='line_1_24' title="bbox 319 1761 1549 1804; baseline -0.003 -8"><span class='ocrx_word' id='word_1_203' title='bbox 319 1766 441 1796; x_wconf 89' lang='lat' dir='ltr'>Amen.</span> <span class='ocrx_word' id='word_1_204' title='bbox 460 1764 616 1804; x_wconf 71' lang='lat' dir='ltr'>Explicit</span> <span class='ocrx_word' id='word_1_205' title='bbox 638 1767 807 1796; x_wconf 81' lang='lat' dir='ltr'>tractatus</span> <span class='ocrx_word' id='word_1_206' title='bbox 826 1762 869 1794; x_wconf 85' lang='lat' dir='ltr'>de</span> <span class='ocrx_word' id='word_1_207' title='bbox 887 1763 1149 1804; x_wconf 74' lang='lat' dir='ltr'>composicione</span> <span class='ocrx_word' id='word_1_208' title='bbox 1173 1762 1325 1793; x_wconf 84' lang='lat' dir='ltr'>hominis</span> <span class='ocrx_word' id='word_1_209' title='bbox 1350 1761 1549 1793; x_wconf 85' lang='lat' dir='ltr'>Reverendi</span> 
     </span>
     <span class='ocr_line' id='line_1_25' title="bbox 320 1820 1548 1866; baseline -0.004 -10"><span class='ocrx_word' id='word_1_210' title='bbox 320 1824 479 1866; x_wconf 76' lang='lat' dir='ltr'>Magistri</span> <span class='ocrx_word' id='word_1_211' title='bbox 504 1823 678 1855; x_wconf 81' lang='lat' dir='ltr'>Johannis</span> <span class='ocrx_word' id='word_1_212' title='bbox 704 1821 853 1853; x_wconf 77' lang='lat' dir='ltr'>Wicleff.</span> <span class='ocrx_word' id='word_1_213' title='bbox 880 1821 983 1861; x_wconf 80' lang='lat' dir='ltr'>Quod</span> <span class='ocrx_word' id='word_1_214' title='bbox 1008 1822 1156 1863; x_wconf 87' lang='lat' dir='ltr'>quisque</span> <span class='ocrx_word' id='word_1_215' title='bbox 1181 1820 1248 1852; x_wconf 86' lang='lat' dir='ltr'>sibi</span> <span class='ocrx_word' id='word_1_216' title='bbox 1268 1822 1352 1852; x_wconf 76' lang='lat' dir='ltr'>serit</span> <span class='ocrx_word' id='word_1_217' title='bbox 1375 1822 1548 1862; x_wconf 87' lang='lat' dir='ltr'>presentis</span> 
     </span>
     <span class='ocr_line' id='line_1_26' title="bbox 319 1879 1549 1924; baseline -0.003 -10"><span class='ocrx_word' id='word_1_218' title='bbox 319 1888 477 1924; x_wconf 77' lang='lat' dir='ltr'>tempore</span> <span class='ocrx_word' id='word_1_219' title='bbox 502 1882 574 1913; x_wconf 85' lang='lat' dir='ltr'>vite</span> <span class='ocrx_word' id='word_1_220' title='bbox 597 1881 601 1923; x_wconf 95' lang='grc' dir='ltr'>Ι</span> <span class='ocrx_word' id='word_1_221' title='bbox 623 1881 702 1913; x_wconf 87' lang='lat' dir='ltr'>Hoc</span> <span class='ocrx_word' id='word_1_222' title='bbox 734 1880 801 1912; x_wconf 87' lang='lat' dir='ltr'>sibi</span> <span class='ocrx_word' id='word_1_223' title='bbox 831 1880 955 1911; x_wconf 84' lang='lat' dir='ltr'>messis</span> <span class='ocrx_word' id='word_1_224' title='bbox 988 1880 1053 1911; x_wconf 77' lang='lat' dir='ltr'>erit</span> <span class='ocrx_word' id='word_1_225' title='bbox 1082 1879 1164 1911; x_wconf 88' lang='lat' dir='ltr'>dum</span> <span class='ocrx_word' id='word_1_226' title='bbox 1194 1879 1322 1910; x_wconf 85' lang='lat' dir='ltr'>dicitur</span> <span class='ocrx_word' id='word_1_227' title='bbox 1350 1880 1398 1910; x_wconf 81' lang='lat' dir='ltr'>ite</span> <span class='ocrx_word' id='word_1_228' title='bbox 1429 1879 1549 1910; x_wconf 87' lang='lat' dir='ltr'>venite</span> 
     </span>
     <span class='ocr_line' id='line_1_27' title="bbox 322 1937 1501 1982; baseline -0.003 -10"><span class='ocrx_word' id='word_1_229' title='bbox 322 1940 360 1973; x_wconf 92' lang='grc'>0.</span> <span class='ocrx_word' id='word_1_230' title='bbox 386 1939 540 1982; x_wconf 81' lang='lat' dir='ltr'>Explicit</span> <span class='ocrx_word' id='word_1_231' title='bbox 566 1939 608 1971; x_wconf 84' lang='lat' dir='ltr'>de</span> <span class='ocrx_word' id='word_1_232' title='bbox 625 1939 778 1972; x_wconf 86' lang='lat' dir='ltr'>hominis</span> <span class='ocrx_word' id='word_1_233' title='bbox 804 1938 1064 1980; x_wconf 83' lang='lat' dir='ltr'>composicione</span> <span class='ocrx_word' id='word_1_234' title='bbox 1091 1937 1136 1970; x_wconf 81' lang='lat' dir='ltr'>al.</span> <span class='ocrx_word' id='word_1_235' title='bbox 1163 1948 1255 1969; x_wconf 76' lang='lat' dir='ltr'>man.</span> <span class='ocrx_word' id='word_1_236' title='bbox 1282 1939 1319 1969; x_wconf 75' lang='lat' dir='ltr'>in</span> <span class='ocrx_word' id='word_1_237' title='bbox 1346 1937 1417 1969; x_wconf 78' lang='lat' dir='ltr'>cod.</span> <span class='ocrx_word' id='word_1_238' title='bbox 1444 1937 1501 1969; x_wconf 91' lang='lat' dir='ltr'>Pr.</span> 
     </span>
    </p>
   </div>
  </div>
 </body>
</html>
