<?xml version="1.0" encoding="UTF-8"?>
<!DOCTYPE html PUBLIC "-//W3C//DTD XHTML 1.0 Transitional//EN"
    "http://www.w3.org/TR/xhtml1/DTD/xhtml1-transitional.dtd">
<html xmlns="http://www.w3.org/1999/xhtml" xml:lang="en" lang="en">
 <head>
  <title>
</title>
<meta http-equiv="Content-Type" content="text/html;charset=utf-8" />
  <meta name='ocr-system' content='tesseract 3.04.00' />
  <meta name='ocr-capabilities' content='ocr_page ocr_carea ocr_par ocr_line ocrx_word'/>
</head>
<body>
  <div class='ocr_page' id='page_1' title='image "./decompositioneho00wycl_0078.png"; bbox 0 0 2035 3359; ppageno 0'>
   <div class='ocr_carea' id='block_1_1' title="bbox 174 197 225 235">
    <p class='ocr_par' dir='ltr' id='par_1_1' title="bbox 174 197 225 235">
     <span class='ocr_line' id='line_1_1' title="bbox 174 197 225 235; baseline -0.039 0"><span class='ocrx_word' id='word_1_1' title='bbox 174 197 225 235; x_wconf 76' lang='lat'>52</span> 
     </span>
    </p>
   </div>
   <div class='ocr_carea' id='block_1_2' title="bbox 173 1105 456 1344">
    <p class='ocr_par' dir='ltr' id='par_1_2' title="bbox 173 1105 456 1344">
     <span class='ocr_line' id='line_1_2' title="bbox 174 1105 453 1132; baseline -0.011 0"><span class='ocrx_word' id='word_1_2' title='bbox 174 1107 278 1132; x_wconf 80' lang='lat' dir='ltr'>Hence</span> <span class='ocrx_word' id='word_1_3' title='bbox 296 1105 453 1131; x_wconf 81' lang='lat' dir='ltr'>accidents</span> 
     </span>
     <span class='ocr_line' id='line_1_3' title="bbox 173 1143 455 1168; baseline -0.011 0"><span class='ocrx_word' id='word_1_4' title='bbox 173 1143 250 1168; x_wconf 78' lang='lat' dir='ltr'>have</span> <span class='ocrx_word' id='word_1_5' title='bbox 280 1149 320 1167; x_wconf 90' lang='lat' dir='ltr'>no</span> <span class='ocrx_word' id='word_1_6' title='bbox 351 1143 455 1166; x_wconf 75' lang='lat' dir='ltr'>exten-</span> 
     </span>
     <span class='ocr_line' id='line_1_4' title="bbox 173 1177 455 1210; baseline -0.007 -8"><span class='ocrx_word' id='word_1_7' title='bbox 173 1177 455 1210; x_wconf 65' lang='lat' dir='ltr'>siongthisbelongs</span> 
     </span>
     <span class='ocr_line' id='line_1_5' title="bbox 216 1212 421 1238; baseline -0.01 0"><span class='ocrx_word' id='word_1_8' title='bbox 216 1216 246 1238; x_wconf 84' lang='lat' dir='ltr'>to</span> <span class='ocrx_word' id='word_1_9' title='bbox 281 1212 421 1237; x_wconf 80' lang='lat' dir='ltr'>material</span> 
     </span>
     <span class='ocr_line' id='line_1_6' title="bbox 175 1247 456 1279; baseline -0.004 -7"><span class='ocrx_word' id='word_1_10' title='bbox 175 1249 351 1279; x_wconf 71' lang='lat' dir='ltr'>substance,</span> <span class='ocrx_word' id='word_1_11' title='bbox 396 1247 456 1272; x_wconf 86' lang='lat' dir='ltr'>and</span> 
     </span>
     <span class='ocr_line' id='line_1_7' title="bbox 202 1283 431 1315; baseline -0.009 -7"><span class='ocrx_word' id='word_1_12' title='bbox 202 1284 344 1315; x_wconf 76' lang='lat' dir='ltr'>quantity</span> <span class='ocrx_word' id='word_1_13' title='bbox 366 1283 391 1307; x_wconf 82' lang='lat' dir='ltr'>is</span> <span class='ocrx_word' id='word_1_14' title='bbox 412 1290 431 1307; x_wconf 86' lang='lat' dir='ltr'>a</span> 
     </span>
     <span class='ocr_line' id='line_1_8' title="bbox 175 1318 455 1344; baseline 0 -2"><span class='ocrx_word' id='word_1_15' title='bbox 175 1319 355 1344; x_wconf 73' lang='lat' dir='ltr'>substantia}</span> <span class='ocrx_word' id='word_1_16' title='bbox 370 1318 455 1343; x_wconf 81' lang='lat' dir='ltr'>form.</span> 
     </span>
    </p>
   </div>
   <div class='ocr_carea' id='block_1_3' title="bbox 913 190 1806 249">
    <p class='ocr_par' dir='ltr' id='par_1_3' title="bbox 913 190 1806 249">
     <span class='ocr_line' id='line_1_9' title="bbox 913 190 1806 249; baseline -0.011 -12"><span class='ocrx_word' id='word_1_17' title='bbox 913 205 1150 238; x_wconf 73' lang='lat' dir='ltr'><strong>JOHANNIS</strong></span> <span class='ocrx_word' id='word_1_18' title='bbox 1177 204 1363 237; x_wconf 84' lang='lat' dir='ltr'>WICLIF.</span> <span class='ocrx_word' id='word_1_19' title='bbox 1629 190 1729 249; x_wconf 81' lang='lat' dir='ltr'>[OAP.</span> <span class='ocrx_word' id='word_1_20' title='bbox 1749 203 1806 228; x_wconf 87' lang='lat' dir='ltr'>m.</span> 
     </span>
    </p>
   </div>
   <div class='ocr_carea' id='block_1_4' title="bbox 461 310 1877 2214">
    <p class='ocr_par' dir='ltr' id='par_1_4' title="bbox 461 310 1873 1062">
     <span class='ocr_line' id='line_1_10' title="bbox 461 310 1810 368; baseline -0.001 -16"><span class='ocrx_word' id='word_1_21' title='bbox 461 313 664 368; x_wconf 86' lang='lat' dir='ltr'>utrisque</span> <span class='ocrx_word' id='word_1_22' title='bbox 696 313 867 354; x_wconf 87' lang='lat' dir='ltr'>naturis</span> <span class='ocrx_word' id='word_1_23' title='bbox 904 311 1141 368; x_wconf 76' lang='lat' dir='ltr'>prioribus,</span> <span class='ocrx_word' id='word_1_24' title='bbox 1168 318 1211 353; x_wconf 89' lang='lat' dir='ltr'>et</span> <span class='ocrx_word' id='word_1_25' title='bbox 1233 317 1389 354; x_wconf 90' lang='lat' dir='ltr'>neutro</span> <span class='ocrx_word' id='word_1_26' title='bbox 1423 310 1598 354; x_wconf 89' lang='lat' dir='ltr'>illarum</span> <span class='ocrx_word' id='word_1_27' title='bbox 1621 315 1810 367; x_wconf 80' lang='lat' dir='ltr'>possunt</span> 
     </span>
     <span class='ocr_line' id='line_1_11' title="bbox 463 381 1808 440; baseline -0.001 -16"><span class='ocrx_word' id='word_1_28' title='bbox 463 397 544 438; x_wconf 89' lang='lat' dir='ltr'>per</span> <span class='ocrx_word' id='word_1_29' title='bbox 584 398 630 425; x_wconf 92' lang='lat' dir='ltr'>se</span> <span class='ocrx_word' id='word_1_30' title='bbox 671 389 943 440; x_wconf 78' lang='lat' dir='ltr'>competere,</span> <span class='ocrx_word' id='word_1_31' title='bbox 988 388 1037 425; x_wconf 84' lang='lat' dir='ltr'>ut</span> <span class='ocrx_word' id='word_1_32' title='bbox 1082 383 1326 437; x_wconf 82' lang='lat' dir='ltr'>ambulare,</span> <span class='ocrx_word' id='word_1_33' title='bbox 1373 382 1551 437; x_wconf 89' lang='lat' dir='ltr'>sentire,</span> <span class='ocrx_word' id='word_1_34' title='bbox 1602 381 1808 434; x_wconf 87' lang='lat' dir='ltr'>dormire,</span> 
     </span>
     <span class='ocr_line' id='line_1_12' title="bbox 463 451 1811 510; baseline 0 -16"><span class='ocrx_word' id='word_1_35' title='bbox 463 453 664 508; x_wconf 85' lang='lat' dir='ltr'>vigilare,</span> <span class='ocrx_word' id='word_1_36' title='bbox 712 454 867 496; x_wconf 85' lang='lat' dir='ltr'>vivere</span> <span class='ocrx_word' id='word_1_37' title='bbox 913 453 1219 510; x_wconf 77' lang='lat' dir='ltr'>corporaliter,</span> <span class='ocrx_word' id='word_1_38' title='bbox 1266 453 1530 510; x_wconf 71' lang='lat' dir='ltr'>ymaginati,</span> <span class='ocrx_word' id='word_1_39' title='bbox 1563 451 1811 508; x_wconf 84' lang='lat' dir='ltr'>intelligere</span> 
     </span>
     <span class='ocr_line' id='line_1_13' title="bbox 467 521 1812 581; baseline -0.001 -16"><span class='ocrx_word' id='word_1_40' title='bbox 467 530 509 565; x_wconf 84' lang='lat' dir='ltr'>et</span> <span class='ocrx_word' id='word_1_41' title='bbox 542 523 672 579; x_wconf 89' lang='lat' dir='ltr'>velle,</span> <span class='ocrx_word' id='word_1_42' title='bbox 710 524 764 566; x_wconf 88' lang='lat' dir='ltr'>de</span> <span class='ocrx_word' id='word_1_43' title='bbox 799 531 964 581; x_wconf 90' lang='lat' dir='ltr'>quanto</span> <span class='ocrx_word' id='word_1_44' title='bbox 1000 525 1224 567; x_wconf 79' lang='lat' dir='ltr'>concurrit</span> <span class='ocrx_word' id='word_1_45' title='bbox 1247 539 1459 580; x_wconf 86' lang='lat' dir='ltr'>organum</span> <span class='ocrx_word' id='word_1_46' title='bbox 1484 521 1730 581; x_wconf 87' lang='lat' dir='ltr'>corporale,</span> <span class='ocrx_word' id='word_1_47' title='bbox 1764 528 1812 564; x_wconf 90' lang='lat' dir='ltr'>ut</span> 
     </span>
     <span class='ocr_line' id='line_1_14' title="bbox 467 592 1847 653; baseline 0.002 -18"><span class='ocrx_word' id='word_1_48' title='bbox 467 594 638 636; x_wconf 75' lang='lat' dir='ltr'>dicetur</span> <span class='ocrx_word' id='word_1_49' title='bbox 682 601 783 651; x_wconf 91' lang='lat' dir='ltr'>post</span> <span class='ocrx_word' id='word_1_50' title='bbox 838 596 892 638; x_wconf 88' lang='lat' dir='ltr'>de</span> <span class='ocrx_word' id='word_1_51' title='bbox 943 595 1170 653; x_wconf 89' lang='lat' dir='ltr'>spiritibus</span> <span class='ocrx_word' id='word_1_52' title='bbox 1226 592 1481 637; x_wconf 89' lang='lat' dir='ltr'>animalium</span> <span class='ocrx_word' id='word_1_53' title='bbox 1535 595 1578 636; x_wconf 93' lang='lat' dir='ltr'>in</span> <span class='ocrx_word' id='word_1_54' title='bbox 1628 593 1847 638; x_wconf 87' lang='lat' dir='ltr'>cerebro5</span> 
     </span>
     <span class='ocr_line' id='line_1_15' title="bbox 467 664 1812 722; baseline -0.001 -15"><span class='ocrx_word' id='word_1_55' title='bbox 467 665 817 708; x_wconf 88' lang='lat' dir='ltr'>subiectantibus</span> <span class='ocrx_word' id='word_1_56' title='bbox 841 682 996 708; x_wconf 87' lang='lat' dir='ltr'>sensus</span> <span class='ocrx_word' id='word_1_57' title='bbox 1030 667 1276 722; x_wconf 88' lang='lat' dir='ltr'>interiores,</span> <span class='ocrx_word' id='word_1_58' title='bbox 1313 673 1356 708; x_wconf 92' lang='lat' dir='ltr'>et</span> <span class='ocrx_word' id='word_1_59' title='bbox 1389 668 1452 709; x_wconf 88' lang='lat' dir='ltr'>sic</span> <span class='ocrx_word' id='word_1_60' title='bbox 1487 667 1542 709; x_wconf 84' lang='lat' dir='ltr'>de</span> <span class='ocrx_word' id='word_1_61' title='bbox 1575 664 1812 709; x_wconf 85' lang='lat' dir='ltr'>virtutibus</span> 
     </span>
     <span class='ocr_line' id='line_1_16' title="bbox 470 734 1811 794; baseline 0.001 -18"><span class='ocrx_word' id='word_1_62' title='bbox 470 735 713 779; x_wconf 82' lang='lat' dir='ltr'>moralibus</span> <span class='ocrx_word' id='word_1_63' title='bbox 738 744 780 779; x_wconf 91' lang='lat' dir='ltr'>et</span> <span class='ocrx_word' id='word_1_64' title='bbox 803 736 898 779; x_wconf 88' lang='lat' dir='ltr'>aliis</span> <span class='ocrx_word' id='word_1_65' title='bbox 927 737 1283 794; x_wconf 77' lang='lat' dir='ltr'>dependentibus</span> <span class='ocrx_word' id='word_1_66' title='bbox 1309 736 1362 779; x_wconf 91' lang='lat' dir='ltr'>ab</span> <span class='ocrx_word' id='word_1_67' title='bbox 1389 752 1554 794; x_wconf 83' lang='lat' dir='ltr'>organo</span> <span class='ocrx_word' id='word_1_68' title='bbox 1580 734 1811 793; x_wconf 87' lang='lat' dir='ltr'>corporali.</span> 
     </span>
     <span class='ocr_line' id='line_1_17' title="bbox 468 806 1812 866; baseline -0.001 -18"><span class='ocrx_word' id='word_1_69' title='bbox 468 806 527 848; x_wconf 82' lang='lat' dir='ltr'>Et</span> <span class='ocrx_word' id='word_1_70' title='bbox 550 808 632 849; x_wconf 90' lang='lat' dir='ltr'>iste</span> <span class='ocrx_word' id='word_1_71' title='bbox 657 814 723 850; x_wconf 89' lang='lat' dir='ltr'>est</span> <span class='ocrx_word' id='word_1_72' title='bbox 747 824 901 850; x_wconf 86' lang='lat' dir='ltr'>sensus</span> <span class='ocrx_word' id='word_1_73' title='bbox 917 808 1181 866; x_wconf 85' lang='lat' dir='ltr'>Philosophi</span> <span class='ocrx_word' id='word_1_74' title='bbox 1204 810 1345 865; x_wconf 87' lang='lat' dir='ltr'>primo</span> <span class='ocrx_word' id='word_1_75' title='bbox 1371 809 1425 851; x_wconf 87' lang='lat' dir='ltr'>de</span> <span class='ocrx_word' id='word_1_76' title='bbox 1450 809 1609 863; x_wconf 86' lang='lat' dir='ltr'>anima,</span> <span class='ocrx_word' id='word_1_77' title='bbox 1635 806 1812 865; x_wconf 81' lang='lat' dir='ltr'>quando</span> 
     </span>
     <span class='ocr_line' id='line_1_18' title="bbox 469 877 1812 936; baseline 0 -17"><span class='ocrx_word' id='word_1_78' title='bbox 469 878 588 932; x_wconf 84' lang='lat' dir='ltr'>dicit,</span> <span class='ocrx_word' id='word_1_79' title='bbox 624 878 742 935; x_wconf 87' lang='lat' dir='ltr'>quod</span> <span class='ocrx_word' id='word_1_80' title='bbox 767 879 914 921; x_wconf 90' lang='lat' dir='ltr'>anima</span> <span class='ocrx_word' id='word_1_81' title='bbox 946 895 1033 922; x_wconf 92' lang='lat' dir='ltr'>non</span> <span class='ocrx_word' id='word_1_82' title='bbox 1066 879 1166 936; x_wconf 89' lang='lat' dir='ltr'>plus</span> <span class='ocrx_word' id='word_1_83' title='bbox 1189 879 1408 936; x_wconf 83' lang='lat' dir='ltr'>intelligit,</span> <span class='ocrx_word' id='word_1_84' title='bbox 1434 878 1593 936; x_wconf 86' lang='lat' dir='ltr'>supple</span> <span class='ocrx_word' id='word_1_85' title='bbox 1615 877 1812 921; x_wconf 84' lang='lat' dir='ltr'>intellec-</span> 
     </span>
     <span class='ocr_line' id='line_1_19' title="bbox 470 948 1873 1008; baseline 0.003 -18"><span class='ocrx_word' id='word_1_86' title='bbox 470 949 609 1003; x_wconf 90' lang='lat' dir='ltr'>cione,</span> <span class='ocrx_word' id='word_1_87' title='bbox 645 964 731 1006; x_wconf 91' lang='lat' dir='ltr'>que</span> <span class='ocrx_word' id='word_1_88' title='bbox 764 951 906 1006; x_wconf 90' lang='lat' dir='ltr'>primo</span> <span class='ocrx_word' id='word_1_89' title='bbox 940 951 1152 1008; x_wconf 89' lang='lat' dir='ltr'>competit</span> <span class='ocrx_word' id='word_1_90' title='bbox 1175 950 1436 1007; x_wconf 88' lang='lat' dir='ltr'>composito,</span> <span class='ocrx_word' id='word_1_91' title='bbox 1472 965 1605 1007; x_wconf 88' lang='lat' dir='ltr'>quam</span> <span class='ocrx_word' id='word_1_92' title='bbox 1639 948 1816 992; x_wconf 85' lang='lat' dir='ltr'>edificat</span> <span class='ocrx_word' id='word_1_93' title='bbox 1830 962 1873 994; x_wconf 87' lang='lat'>10</span> 
     </span>
     <span class='ocr_line' id='line_1_20' title="bbox 469 1018 700 1062; baseline 0 -1"><span class='ocrx_word' id='word_1_94' title='bbox 469 1018 542 1061; x_wconf 86' lang='lat' dir='ltr'>vel</span> <span class='ocrx_word' id='word_1_95' title='bbox 575 1020 700 1062; x_wconf 79' lang='lat' dir='ltr'>texit.</span> 
     </span>
    </p>

    <p class='ocr_par' dir='ltr' id='par_1_5' title="bbox 471 1089 1877 2214">
     <span class='ocr_line' id='line_1_21' title="bbox 530 1089 1814 1147; baseline 0.001 -16"><span class='ocrx_word' id='word_1_96' title='bbox 530 1089 632 1132; x_wconf 89' lang='lat' dir='ltr'>Istis</span> <span class='ocrx_word' id='word_1_97' title='bbox 657 1092 816 1133; x_wconf 90' lang='lat' dir='ltr'>notatis</span> <span class='ocrx_word' id='word_1_98' title='bbox 840 1098 1080 1147; x_wconf 82' lang='lat' dir='ltr'>negaretur</span> <span class='ocrx_word' id='word_1_99' title='bbox 1099 1093 1298 1135; x_wconf 81' lang='lat' dir='ltr'>extensio</span> <span class='ocrx_word' id='word_1_100' title='bbox 1324 1092 1627 1134; x_wconf 85' lang='lat' dir='ltr'>accidencium</span> <span class='ocrx_word' id='word_1_101' title='bbox 1666 1090 1814 1145; x_wconf 88' lang='lat' dir='ltr'>modo,</span> 
     </span>
     <span class='ocr_line' id='line_1_22' title="bbox 471 1161 1815 1221; baseline 0.001 -19"><span class='ocrx_word' id='word_1_102' title='bbox 471 1176 557 1217; x_wconf 88' lang='lat' dir='ltr'>quo</span> <span class='ocrx_word' id='word_1_103' title='bbox 584 1162 748 1204; x_wconf 83' lang='lat' dir='ltr'>dictum</span> <span class='ocrx_word' id='word_1_104' title='bbox 774 1169 852 1219; x_wconf 86' lang='lat' dir='ltr'>est,</span> <span class='ocrx_word' id='word_1_105' title='bbox 877 1164 970 1206; x_wconf 85' lang='lat' dir='ltr'>sive</span> <span class='ocrx_word' id='word_1_106' title='bbox 1003 1164 1267 1206; x_wconf 87' lang='lat' dir='ltr'>interimitur</span> <span class='ocrx_word' id='word_1_107' title='bbox 1289 1170 1500 1221; x_wconf 82' lang='lat' dir='ltr'>tanquam</span> <span class='ocrx_word' id='word_1_108' title='bbox 1522 1161 1815 1221; x_wconf 81' lang='lat' dir='ltr'>impossibile3</span> 
     </span>
     <span class='ocr_line' id='line_1_23' title="bbox 471 1233 1815 1292; baseline 0.001 -18"><span class='ocrx_word' id='word_1_109' title='bbox 471 1247 551 1274; x_wconf 91' lang='lat' dir='ltr'>nec</span> <span class='ocrx_word' id='word_1_110' title='bbox 600 1239 665 1275; x_wconf 90' lang='lat' dir='ltr'>est</span> <span class='ocrx_word' id='word_1_111' title='bbox 713 1233 958 1291; x_wconf 86' lang='lat' dir='ltr'>quamlibet</span> <span class='ocrx_word' id='word_1_112' title='bbox 1001 1250 1094 1277; x_wconf 90' lang='lat' dir='ltr'>rem</span> <span class='ocrx_word' id='word_1_113' title='bbox 1144 1250 1242 1277; x_wconf 88' lang='lat' dir='ltr'>esse</span> <span class='ocrx_word' id='word_1_114' title='bbox 1291 1241 1501 1292; x_wconf 91' lang='lat' dir='ltr'>quantam</span> <span class='ocrx_word' id='word_1_115' title='bbox 1547 1234 1815 1292; x_wconf 80' lang='lat' dir='ltr'>quantitatis,</span> 
     </span>
     <span class='ocr_line' id='line_1_24' title="bbox 472 1303 1874 1348; baseline 0.001 -3"><span class='ocrx_word' id='word_1_116' title='bbox 472 1304 552 1345; x_wconf 82' lang='lat' dir='ltr'>sed</span> <span class='ocrx_word' id='word_1_117' title='bbox 576 1303 719 1346; x_wconf 88' lang='lat' dir='ltr'>solum</span> <span class='ocrx_word' id='word_1_118' title='bbox 745 1304 1046 1347; x_wconf 85' lang='lat' dir='ltr'>substanciam</span> <span class='ocrx_word' id='word_1_119' title='bbox 1072 1305 1347 1348; x_wconf 84' lang='lat' dir='ltr'>materialem</span> <span class='ocrx_word' id='word_1_120' title='bbox 1370 1306 1612 1348; x_wconf 87' lang='lat' dir='ltr'>secundum</span> <span class='ocrx_word' id='word_1_121' title='bbox 1630 1305 1817 1348; x_wconf 88' lang='lat' dir='ltr'>formam</span> <span class='ocrx_word' id='word_1_122' title='bbox 1832 1316 1874 1347; x_wconf 85' lang='lat'>15</span> 
     </span>
     <span class='ocr_line' id='line_1_25' title="bbox 473 1376 1817 1435; baseline 0.001 -19"><span class='ocrx_word' id='word_1_123' title='bbox 473 1376 781 1431; x_wconf 84' lang='lat' dir='ltr'>corporeitatis</span> <span class='ocrx_word' id='word_1_124' title='bbox 817 1391 913 1418; x_wconf 89' lang='lat' dir='ltr'>esse</span> <span class='ocrx_word' id='word_1_125' title='bbox 953 1382 1162 1433; x_wconf 88' lang='lat' dir='ltr'>quantam</span> <span class='ocrx_word' id='word_1_126' title='bbox 1212 1383 1278 1419; x_wconf 86' lang='lat' dir='ltr'>est</span> <span class='ocrx_word' id='word_1_127' title='bbox 1312 1379 1534 1435; x_wconf 86' lang='lat' dir='ltr'>quantitas</span> <span class='ocrx_word' id='word_1_128' title='bbox 1569 1392 1649 1435; x_wconf 90' lang='lat' dir='ltr'>per</span> <span class='ocrx_word' id='word_1_129' title='bbox 1696 1393 1742 1419; x_wconf 92' lang='lat' dir='ltr'>se</span> <span class='ocrx_word' id='word_1_130' title='bbox 1774 1377 1817 1418; x_wconf 93' lang='lat' dir='ltr'>in</span> 
     </span>
     <span class='ocr_line' id='line_1_26' title="bbox 474 1446 1816 1504; baseline 0.001 -17"><span class='ocrx_word' id='word_1_131' title='bbox 474 1461 638 1501; x_wconf 83' lang='lat' dir='ltr'>genere</span> <span class='ocrx_word' id='word_1_132' title='bbox 672 1448 946 1503; x_wconf 86' lang='lat' dir='ltr'>quantitatis,</span> <span class='ocrx_word' id='word_1_133' title='bbox 983 1454 1025 1489; x_wconf 92' lang='lat' dir='ltr'>et</span> <span class='ocrx_word' id='word_1_134' title='bbox 1057 1454 1164 1490; x_wconf 92' lang='lat' dir='ltr'>tunc</span> <span class='ocrx_word' id='word_1_135' title='bbox 1199 1455 1264 1490; x_wconf 85' lang='lat' dir='ltr'>est</span> <span class='ocrx_word' id='word_1_136' title='bbox 1307 1448 1450 1491; x_wconf 86' lang='lat' dir='ltr'>forma</span> <span class='ocrx_word' id='word_1_137' title='bbox 1493 1446 1816 1504; x_wconf 87' lang='lat' dir='ltr'>substancialis,</span> 
     </span>
     <span class='ocr_line' id='line_1_27' title="bbox 471 1516 1816 1577; baseline 0.001 -19"><span class='ocrx_word' id='word_1_138' title='bbox 471 1516 660 1559; x_wconf 86' lang='lat' dir='ltr'>fundans</span> <span class='ocrx_word' id='word_1_139' title='bbox 694 1519 984 1574; x_wconf 87' lang='lat' dir='ltr'>quantitatem</span> <span class='ocrx_word' id='word_1_140' title='bbox 1019 1525 1248 1562; x_wconf 80' lang='lat' dir='ltr'>extensam</span> <span class='ocrx_word' id='word_1_141' title='bbox 1281 1520 1337 1561; x_wconf 86' lang='lat' dir='ltr'>ad</span> <span class='ocrx_word' id='word_1_142' title='bbox 1385 1535 1561 1563; x_wconf 89' lang='lat' dir='ltr'>omnem</span> <span class='ocrx_word' id='word_1_143' title='bbox 1603 1525 1816 1577; x_wconf 89' lang='lat' dir='ltr'>punctum</span> 
     </span>
     <span class='ocr_line' id='line_1_28' title="bbox 471 1588 1818 1648; baseline 0.001 -19"><span class='ocrx_word' id='word_1_144' title='bbox 471 1588 516 1629; x_wconf 91' lang='lat' dir='ltr'>in</span> <span class='ocrx_word' id='word_1_145' title='bbox 562 1588 752 1631; x_wconf 89' lang='lat' dir='ltr'>homine.</span> <span class='ocrx_word' id='word_1_146' title='bbox 804 1588 923 1645; x_wconf 84' lang='lat' dir='ltr'>Ergo</span> <span class='ocrx_word' id='word_1_147' title='bbox 969 1605 1057 1632; x_wconf 89' lang='lat' dir='ltr'>non</span> <span class='ocrx_word' id='word_1_148' title='bbox 1105 1597 1171 1632; x_wconf 90' lang='lat' dir='ltr'>est</span> <span class='ocrx_word' id='word_1_149' title='bbox 1202 1589 1319 1632; x_wconf 89' lang='lat' dir='ltr'>linea</span> <span class='ocrx_word' id='word_1_150' title='bbox 1350 1590 1424 1633; x_wconf 79' lang='lat' dir='ltr'>vel</span> <span class='ocrx_word' id='word_1_151' title='bbox 1456 1590 1713 1648; x_wconf 88' lang='lat' dir='ltr'>superficies</span> <span class='ocrx_word' id='word_1_152' title='bbox 1745 1588 1818 1632; x_wconf 87' lang='lat' dir='ltr'>vel</span> 
     </span>
     <span class='ocr_line' id='line_1_29' title="bbox 474 1659 1877 1719; baseline 0.001 -18"><span class='ocrx_word' id='word_1_153' title='bbox 474 1674 634 1717; x_wconf 91' lang='lat' dir='ltr'>corpus</span> <span class='ocrx_word' id='word_1_154' title='bbox 680 1660 735 1702; x_wconf 83' lang='lat' dir='ltr'>de</span> <span class='ocrx_word' id='word_1_155' title='bbox 786 1676 949 1716; x_wconf 83' lang='lat' dir='ltr'>genere</span> <span class='ocrx_word' id='word_1_156' title='bbox 997 1661 1269 1718; x_wconf 87' lang='lat' dir='ltr'>quantitatis,</span> <span class='ocrx_word' id='word_1_157' title='bbox 1315 1662 1399 1704; x_wconf 91' lang='lat' dir='ltr'>nisi</span> <span class='ocrx_word' id='word_1_158' title='bbox 1453 1677 1537 1719; x_wconf 87' lang='lat' dir='ltr'>que</span> <span class='ocrx_word' id='word_1_159' title='bbox 1592 1667 1658 1704; x_wconf 88' lang='lat' dir='ltr'>est</span> <span class='ocrx_word' id='word_1_160' title='bbox 1708 1659 1817 1702; x_wconf 85' lang='lat' dir='ltr'>illud</span> <span class='ocrx_word' id='word_1_161' title='bbox 1832 1672 1877 1703; x_wconf 83' lang='lat'>20</span> 
     </span>
     <span class='ocr_line' id='line_1_30' title="bbox 475 1730 1816 1788; baseline 0.001 -16"><span class='ocrx_word' id='word_1_162' title='bbox 475 1745 636 1787; x_wconf 89' lang='lat' dir='ltr'>corpus</span> <span class='ocrx_word' id='word_1_163' title='bbox 680 1730 751 1773; x_wconf 80' lang='lat' dir='ltr'>vel</span> <span class='ocrx_word' id='word_1_164' title='bbox 797 1738 969 1788; x_wconf 89' lang='lat' dir='ltr'>partem</span> <span class='ocrx_word' id='word_1_165' title='bbox 1016 1732 1108 1774; x_wconf 90' lang='lat' dir='ltr'>eius</span> <span class='ocrx_word' id='word_1_166' title='bbox 1156 1732 1497 1788; x_wconf 83' lang='lat' dir='ltr'>quantitativam</span> <span class='ocrx_word' id='word_1_167' title='bbox 1537 1747 1633 1775; x_wconf 85' lang='lat' dir='ltr'>esse</span> <span class='ocrx_word' id='word_1_168' title='bbox 1665 1731 1816 1773; x_wconf 88' lang='lat' dir='ltr'>huius-</span> 
     </span>
     <span class='ocr_line' id='line_1_31' title="bbox 475 1801 1818 1860; baseline 0.001 -18"><span class='ocrx_word' id='word_1_169' title='bbox 475 1802 613 1856; x_wconf 75' lang='lat' dir='ltr'>modi,</span> <span class='ocrx_word' id='word_1_170' title='bbox 647 1801 872 1844; x_wconf 89' lang='lat' dir='ltr'>hominem</span> <span class='ocrx_word' id='word_1_171' title='bbox 907 1803 1022 1845; x_wconf 89' lang='lat' dir='ltr'>enim</span> <span class='ocrx_word' id='word_1_172' title='bbox 1057 1818 1153 1845; x_wconf 85' lang='lat' dir='ltr'>esse</span> <span class='ocrx_word' id='word_1_173' title='bbox 1188 1809 1402 1860; x_wconf 88' lang='lat' dir='ltr'>quantum</span> <span class='ocrx_word' id='word_1_174' title='bbox 1442 1810 1509 1846; x_wconf 88' lang='lat' dir='ltr'>est</span> <span class='ocrx_word' id='word_1_175' title='bbox 1541 1804 1686 1860; x_wconf 90' lang='lat' dir='ltr'>ipsum</span> <span class='ocrx_word' id='word_1_176' title='bbox 1721 1817 1818 1845; x_wconf 87' lang='lat' dir='ltr'>esse</span> 
     </span>
     <span class='ocr_line' id='line_1_32' title="bbox 475 1871 1818 1930; baseline 0.001 -17"><span class='ocrx_word' id='word_1_177' title='bbox 475 1871 583 1914; x_wconf 82' lang='lat' dir='ltr'>illud</span> <span class='ocrx_word' id='word_1_178' title='bbox 615 1887 773 1929; x_wconf 88' lang='lat' dir='ltr'>corpus</span> <span class='ocrx_word' id='word_1_179' title='bbox 797 1873 1144 1930; x_wconf 86' lang='lat' dir='ltr'>quantificatum,</span> <span class='ocrx_word' id='word_1_180' title='bbox 1179 1879 1222 1915; x_wconf 90' lang='lat' dir='ltr'>et</span> <span class='ocrx_word' id='word_1_181' title='bbox 1253 1880 1456 1916; x_wconf 87' lang='lat' dir='ltr'>naturam</span> <span class='ocrx_word' id='word_1_182' title='bbox 1480 1874 1696 1928; x_wconf 84' lang='lat' dir='ltr'>integram</span> <span class='ocrx_word' id='word_1_183' title='bbox 1721 1888 1818 1915; x_wconf 86' lang='lat' dir='ltr'>esse</span> 
     </span>
     <span class='ocr_line' id='line_1_33' title="bbox 477 1943 1818 2003; baseline 0 -19"><span class='ocrx_word' id='word_1_184' title='bbox 477 1949 684 1999; x_wconf 87' lang='lat' dir='ltr'>quantam</span> <span class='ocrx_word' id='word_1_185' title='bbox 720 1950 785 1986; x_wconf 91' lang='lat' dir='ltr'>est</span> <span class='ocrx_word' id='word_1_186' title='bbox 816 1945 958 2000; x_wconf 87' lang='lat' dir='ltr'>ipsam</span> <span class='ocrx_word' id='word_1_187' title='bbox 1000 1943 1168 1986; x_wconf 87' lang='lat' dir='ltr'>habere</span> <span class='ocrx_word' id='word_1_188' title='bbox 1206 1943 1325 1986; x_wconf 90' lang='lat' dir='ltr'>illam</span> <span class='ocrx_word' id='word_1_189' title='bbox 1359 1951 1533 2003; x_wconf 86' lang='lat' dir='ltr'>partem</span> <span class='ocrx_word' id='word_1_190' title='bbox 1570 1944 1818 2001; x_wconf 85' lang='lat' dir='ltr'>quantitati-</span> 
     </span>
     <span class='ocr_line' id='line_1_34' title="bbox 476 2014 1876 2073; baseline 0.001 -18"><span class='ocrx_word' id='word_1_191' title='bbox 476 2029 575 2056; x_wconf 86' lang='lat' dir='ltr'>vam</span> <span class='ocrx_word' id='word_1_192' title='bbox 611 2015 671 2056; x_wconf 89' lang='lat' dir='ltr'>sic</span> <span class='ocrx_word' id='word_1_193' title='bbox 705 2021 927 2072; x_wconf 85' lang='lat' dir='ltr'>quantam,</span> <span class='ocrx_word' id='word_1_194' title='bbox 963 2015 1083 2072; x_wconf 85' lang='lat' dir='ltr'>quod</span> <span class='ocrx_word' id='word_1_195' title='bbox 1112 2030 1199 2057; x_wconf 91' lang='lat' dir='ltr'>non</span> <span class='ocrx_word' id='word_1_196' title='bbox 1224 2022 1290 2058; x_wconf 89' lang='lat' dir='ltr'>est</span> <span class='ocrx_word' id='word_1_197' title='bbox 1314 2017 1536 2073; x_wconf 89' lang='lat' dir='ltr'>quantitas</span> <span class='ocrx_word' id='word_1_198' title='bbox 1558 2014 1816 2069; x_wconf 86' lang='lat' dir='ltr'>formaliter,</span> <span class='ocrx_word' id='word_1_199' title='bbox 1833 2028 1876 2058; x_wconf 70' lang='lat'>&lt;25</span> 
     </span>
     <span class='ocr_line' id='line_1_35' title="bbox 477 2085 1819 2144; baseline 0.001 -18"><span class='ocrx_word' id='word_1_200' title='bbox 477 2085 554 2127; x_wconf 85' lang='lat' dir='ltr'>sed</span> <span class='ocrx_word' id='word_1_201' title='bbox 589 2086 764 2128; x_wconf 85' lang='lat' dir='ltr'>habicio</span> <span class='ocrx_word' id='word_1_202' title='bbox 798 2087 935 2142; x_wconf 88' lang='lat' dir='ltr'>partis</span> <span class='ocrx_word' id='word_1_203' title='bbox 968 2085 1224 2143; x_wconf 87' lang='lat' dir='ltr'>qualitative</span> <span class='ocrx_word' id='word_1_204' title='bbox 1260 2087 1322 2129; x_wconf 89' lang='lat' dir='ltr'>sic</span> <span class='ocrx_word' id='word_1_205' title='bbox 1355 2094 1530 2144; x_wconf 88' lang='lat' dir='ltr'>quante,</span> <span class='ocrx_word' id='word_1_206' title='bbox 1567 2102 1663 2128; x_wconf 89' lang='lat' dir='ltr'>cum</span> <span class='ocrx_word' id='word_1_207' title='bbox 1698 2085 1819 2127; x_wconf 87' lang='lat' dir='ltr'>nulla</span> 
     </span>
     <span class='ocr_line' id='line_1_36' title="bbox 477 2157 1818 2214; baseline 0 -17"><span class='ocrx_word' id='word_1_208' title='bbox 477 2157 622 2198; x_wconf 87' lang='lat' dir='ltr'>anima</span> <span class='ocrx_word' id='word_1_209' title='bbox 655 2158 865 2199; x_wconf 86' lang='lat' dir='ltr'>sensitiva</span> <span class='ocrx_word' id='word_1_210' title='bbox 898 2173 978 2214; x_wconf 89' lang='lat' dir='ltr'>per</span> <span class='ocrx_word' id='word_1_211' title='bbox 1010 2163 1150 2200; x_wconf 88' lang='lat' dir='ltr'>totum</span> <span class='ocrx_word' id='word_1_212' title='bbox 1186 2157 1247 2200; x_wconf 88' lang='lat' dir='ltr'>sic</span> <span class='ocrx_word' id='word_1_213' title='bbox 1288 2159 1561 2207; x_wconf 77' lang='lat' dir='ltr'>extenditur3</span> <span class='ocrx_word' id='word_1_214' title='bbox 1597 2165 1639 2200; x_wconf 86' lang='lat' dir='ltr'>et</span> <span class='ocrx_word' id='word_1_215' title='bbox 1672 2172 1818 2200; x_wconf 86' lang='lat' dir='ltr'>corre-</span> 
     </span>
    </p>
   </div>
   <div class='ocr_carea' id='block_1_5' title="bbox 572 2251 1820 2354">
    <p class='ocr_par' dir='ltr' id='par_1_6' title="bbox 572 2251 1820 2354">
     <span class='ocr_line' id='line_1_37' title="bbox 667 2251 1820 2294; baseline 0 -10"><span class='ocrx_word' id='word_1_216' title='bbox 667 2253 697 2284; x_wconf 88' lang='lat'>7.</span> <span class='ocrx_word' id='word_1_217' title='bbox 725 2251 860 2284; x_wconf 85' lang='lat' dir='ltr'>Aristot</span> <span class='ocrx_word' id='word_1_218' title='bbox 890 2251 933 2284; x_wconf 86' lang='lat' dir='ltr'>de</span> <span class='ocrx_word' id='word_1_219' title='bbox 965 2252 1086 2284; x_wconf 84' lang='lat' dir='ltr'>anima</span> <span class='ocrx_word' id='word_1_220' title='bbox 1111 2252 1128 2284; x_wconf 90' lang='lat'>1</span> <span class='ocrx_word' id='word_1_221' title='bbox 1158 2254 1190 2294; x_wconf 84' lang='lat'>4,</span> <span class='ocrx_word' id='word_1_222' title='bbox 1221 2254 1262 2284; x_wconf 79' lang='lat'>12</span> <span class='ocrx_word' id='word_1_223' title='bbox 1292 2253 1358 2294; x_wconf 78' lang='lat' dir='ltr'>(ed.</span> <span class='ocrx_word' id='word_1_224' title='bbox 1390 2252 1510 2285; x_wconf 64' lang='lat' dir='ltr'>Paris.</span> <span class='ocrx_word' id='word_1_225' title='bbox 1545 2251 1615 2284; x_wconf 90' lang='grc' dir='ltr'>ΙΙΙ</span> <span class='ocrx_word' id='word_1_226' title='bbox 1639 2253 1724 2293; x_wconf 75' lang='lat'>439,</span> <span class='ocrx_word' id='word_1_227' title='bbox 1759 2252 1820 2284; x_wconf 62' lang='grc' dir='ltr'>Νη.</span> 
     </span>
     <span class='ocr_line' id='line_1_38' title="bbox 572 2311 1157 2354; baseline 0.002 -12"><span class='ocrx_word' id='word_1_228' title='bbox 572 2312 618 2342; x_wconf 75' lang='grc'>49</span> <span class='ocrx_word' id='word_1_229' title='bbox 647 2323 691 2342; x_wconf 76' lang='lat'>3-5&#39;.</span> <span class='ocrx_word' id='word_1_230' title='bbox 721 2311 871 2352; x_wconf 69' lang='lat' dir='ltr'>confer</span> <span class='ocrx_word' id='word_1_231' title='bbox 894 2322 990 2354; x_wconf 69' lang='lat' dir='ltr'>pay.</span> <span class='ocrx_word' id='word_1_232' title='bbox 1019 2312 1077 2351; x_wconf 80' lang='lat'>14,</span> <span class='ocrx_word' id='word_1_233' title='bbox 1106 2313 1157 2353; x_wconf 70' lang='lat'>4.)</span> 
     </span>
    </p>
   </div>
   <div class='ocr_carea' id='block_1_6' title="bbox 480 2404 1823 2799">
    <p class='ocr_par' dir='ltr' id='par_1_7' title="bbox 480 2404 1823 2799">
     <span class='ocr_line' id='line_1_39' title="bbox 542 2404 1821 2449; baseline -0.001 -13"><span class='ocrx_word' id='word_1_234' title='bbox 542 2407 570 2436; x_wconf 89' lang='lat'>1.</span> <span class='ocrx_word' id='word_1_235' title='bbox 597 2406 734 2436; x_wconf 83' lang='lat' dir='ltr'>naturis</span> <span class='ocrx_word' id='word_1_236' title='bbox 760 2404 1035 2447; x_wconf 83' lang='lat' dir='ltr'>precedentibus</span> <span class='ocrx_word' id='word_1_237' title='bbox 1060 2405 1101 2438; x_wconf 93' lang='lat' dir='ltr'>A.</span> <span class='ocrx_word' id='word_1_238' title='bbox 1272 2409 1424 2449; x_wconf 83' lang='lat' dir='ltr'>possunt</span> <span class='ocrx_word' id='word_1_239' title='bbox 1449 2417 1512 2439; x_wconf 80' lang='lat' dir='ltr'>om.</span> <span class='ocrx_word' id='word_1_240' title='bbox 1539 2405 1580 2438; x_wconf 86' lang='lat' dir='ltr'>B.</span> <span class='ocrx_word' id='word_1_241' title='bbox 1726 2406 1758 2437; x_wconf 89' lang='lat'>3.</span> <span class='ocrx_word' id='word_1_242' title='bbox 1787 2407 1821 2436; x_wconf 90' lang='lat' dir='ltr'>et</span> 
     </span>
     <span class='ocr_line' id='line_1_40' title="bbox 480 2464 1820 2505; baseline -0.001 -10"><span class='ocrx_word' id='word_1_243' title='bbox 480 2465 599 2496; x_wconf 83' lang='lat' dir='ltr'>vivere</span> <span class='ocrx_word' id='word_1_244' title='bbox 632 2464 732 2497; x_wconf 87' lang='lat' dir='ltr'>PPr.</span> <span class='ocrx_word' id='word_1_245' title='bbox 830 2466 862 2499; x_wconf 87' lang='lat'>4.</span> <span class='ocrx_word' id='word_1_246' title='bbox 890 2468 925 2496; x_wconf 87' lang='lat' dir='ltr'>et</span> <span class='ocrx_word' id='word_1_247' title='bbox 955 2475 1018 2496; x_wconf 84' lang='lat' dir='ltr'>om.</span> <span class='ocrx_word' id='word_1_248' title='bbox 1047 2464 1085 2496; x_wconf 86' lang='lat' dir='ltr'>C.</span> <span class='ocrx_word' id='word_1_249' title='bbox 1185 2466 1218 2497; x_wconf 90' lang='lat'>5.</span> <span class='ocrx_word' id='word_1_250' title='bbox 1244 2464 1462 2497; x_wconf 84' lang='lat' dir='ltr'>animalibus</span> <span class='ocrx_word' id='word_1_251' title='bbox 1487 2465 1527 2497; x_wconf 90' lang='lat' dir='ltr'>B.</span> <span class='ocrx_word' id='word_1_252' title='bbox 1628 2465 1682 2496; x_wconf 90' lang='lat'>10.</span> <span class='ocrx_word' id='word_1_253' title='bbox 1709 2473 1820 2505; x_wconf 86' lang='lat' dir='ltr'>quan-</span> 
     </span>
     <span class='ocr_line' id='line_1_41' title="bbox 481 2522 1821 2565; baseline -0.001 -12"><span class='ocrx_word' id='word_1_254' title='bbox 481 2522 524 2553; x_wconf 82' lang='lat' dir='ltr'>do</span> <span class='ocrx_word' id='word_1_255' title='bbox 551 2523 591 2554; x_wconf 91' lang='lat' dir='ltr'>A.</span> <span class='ocrx_word' id='word_1_256' title='bbox 764 2525 817 2556; x_wconf 77' lang='lat'>12.</span> <span class='ocrx_word' id='word_1_257' title='bbox 869 2526 1022 2565; x_wconf 80' lang='lat' dir='ltr'>negatur</span> <span class='ocrx_word' id='word_1_258' title='bbox 1062 2523 1102 2555; x_wconf 87' lang='lat' dir='ltr'>B.</span> <span class='ocrx_word' id='word_1_259' title='bbox 1275 2526 1328 2557; x_wconf 90' lang='lat'>13.</span> <span class='ocrx_word' id='word_1_260' title='bbox 1378 2523 1614 2555; x_wconf 70' lang='lat' dir='ltr'>intel-eimitur</span> <span class='ocrx_word' id='word_1_261' title='bbox 1639 2523 1679 2562; x_wconf 80' lang='lat' dir='ltr'>P,</span> <span class='ocrx_word' id='word_1_262' title='bbox 1705 2522 1821 2553; x_wconf 88' lang='lat' dir='ltr'>innui-</span> 
     </span>
     <span class='ocr_line' id='line_1_42' title="bbox 481 2579 1820 2624; baseline 0 -11"><span class='ocrx_word' id='word_1_263' title='bbox 481 2587 537 2613; x_wconf 90' lang='lat' dir='ltr'>tur</span> <span class='ocrx_word' id='word_1_264' title='bbox 562 2581 603 2622; x_wconf 83' lang='lat' dir='ltr'>A,</span> <span class='ocrx_word' id='word_1_265' title='bbox 631 2593 700 2624; x_wconf 82' lang='lat' dir='ltr'>quo</span> <span class='ocrx_word' id='word_1_266' title='bbox 728 2583 888 2613; x_wconf 85' lang='lat' dir='ltr'>innuitur</span> <span class='ocrx_word' id='word_1_267' title='bbox 913 2585 1096 2624; x_wconf 86' lang='lat' dir='ltr'>tamquam</span> <span class='ocrx_word' id='word_1_268' title='bbox 1126 2581 1164 2623; x_wconf 86' lang='lat' dir='ltr'>C,</span> <span class='ocrx_word' id='word_1_269' title='bbox 1192 2581 1326 2613; x_wconf 84' lang='lat' dir='ltr'>dictum</span> <span class='ocrx_word' id='word_1_270' title='bbox 1360 2585 1413 2613; x_wconf 86' lang='lat' dir='ltr'>cst</span> <span class='ocrx_word' id='word_1_271' title='bbox 1445 2582 1475 2613; x_wconf 85' lang='lat' dir='ltr'>si</span> <span class='ocrx_word' id='word_1_272' title='bbox 1500 2581 1551 2612; x_wconf 90' lang='lat' dir='ltr'>ibi</span> <span class='ocrx_word' id='word_1_273' title='bbox 1579 2581 1625 2624; x_wconf 84' lang='lat' dir='ltr'>(si</span> <span class='ocrx_word' id='word_1_274' title='bbox 1650 2579 1701 2613; x_wconf 87' lang='lat' dir='ltr'>ibi</span> <span class='ocrx_word' id='word_1_275' title='bbox 1727 2580 1820 2622; x_wconf 66' lang='lat' dir='ltr'>exp.)</span> 
     </span>
     <span class='ocr_line' id='line_1_43' title="bbox 482 2638 1823 2683; baseline 0 -13"><span class='ocrx_word' id='word_1_276' title='bbox 482 2641 558 2672; x_wconf 74' lang='lat' dir='ltr'>sive</span> <span class='ocrx_word' id='word_1_277' title='bbox 592 2641 764 2672; x_wconf 81' lang='lat' dir='ltr'>minuitur</span> <span class='ocrx_word' id='word_1_278' title='bbox 798 2641 854 2672; x_wconf 87' lang='lat' dir='ltr'>I&#39;r.</span> <span class='ocrx_word' id='word_1_279' title='bbox 1019 2642 1071 2673; x_wconf 79' lang='lat'>14.</span> <span class='ocrx_word' id='word_1_280' title='bbox 1106 2641 1287 2683; x_wconf 82' lang='lat' dir='ltr'>quantitas</span> <span class='ocrx_word' id='word_1_281' title='bbox 1322 2639 1511 2672; x_wconf 84' lang='lat' dir='ltr'>BCPPr.</span> <span class='ocrx_word' id='word_1_282' title='bbox 1674 2641 1727 2671; x_wconf 86' lang='lat'>15.</span> <span class='ocrx_word' id='word_1_283' title='bbox 1759 2638 1823 2670; x_wconf 82' lang='lat' dir='ltr'>scd</span> 
     </span>
     <span class='ocr_line' id='line_1_44' title="bbox 483 2698 1822 2741; baseline 0 -12"><span class='ocrx_word' id='word_1_284' title='bbox 483 2698 597 2730; x_wconf 76' lang='lat' dir='ltr'>solum</span> <span class='ocrx_word' id='word_1_285' title='bbox 612 2718 649 2721; x_wconf 72' lang='lat'>—</span> <span class='ocrx_word' id='word_1_286' title='bbox 664 2700 844 2741; x_wconf 70' lang='lat' dir='ltr'>quantitas</span> <span class='ocrx_word' id='word_1_287' title='bbox 859 2710 922 2732; x_wconf 77' lang='lat' dir='ltr'>om.</span> <span class='ocrx_word' id='word_1_288' title='bbox 938 2699 976 2740; x_wconf 88' lang='lat' dir='ltr'>P,</span> <span class='ocrx_word' id='word_1_289' title='bbox 992 2701 1028 2730; x_wconf 73' lang='lat' dir='ltr'>in</span> <span class='ocrx_word' id='word_1_290' title='bbox 1042 2710 1151 2740; x_wconf 64' lang='lat' dir='ltr'>‘&#39;nm-ss.</span> <span class='ocrx_word' id='word_1_291' title='bbox 1172 2699 1291 2741; x_wconf 65' lang='lat' dir='ltr'>suppl.</span> <span class='ocrx_word' id='word_1_292' title='bbox 1307 2711 1338 2731; x_wconf 76' lang='lat' dir='ltr'>a..</span> <span class='ocrx_word' id='word_1_293' title='bbox 1354 2711 1396 2731; x_wconf 82' lang='lat' dir='ltr'>m.</span> <span class='ocrx_word' id='word_1_294' title='bbox 1414 2699 1486 2731; x_wconf 67' lang='lat' dir='ltr'>cod.</span> <span class='ocrx_word' id='word_1_295' title='bbox 1502 2699 1561 2731; x_wconf 87' lang='lat' dir='ltr'>Pr.</span> <span class='ocrx_word' id='word_1_296' title='bbox 1637 2699 1690 2730; x_wconf 79' lang='lat'>16.</span> <span class='ocrx_word' id='word_1_297' title='bbox 1711 2708 1822 2740; x_wconf 82' lang='lat' dir='ltr'>quan-</span> 
     </span>
     <span class='ocr_line' id='line_1_45' title="bbox 484 2756 1822 2799; baseline 0.001 -13"><span class='ocrx_word' id='word_1_298' title='bbox 484 2757 594 2789; x_wconf 84' lang='lat' dir='ltr'>titatis</span> <span class='ocrx_word' id='word_1_299' title='bbox 621 2757 646 2789; x_wconf 81' lang='lat' dir='ltr'>C</span> <span class='ocrx_word' id='word_1_300' title='bbox 674 2768 823 2799; x_wconf 78' lang='lat' dir='ltr'>persone</span> <span class='ocrx_word' id='word_1_301' title='bbox 849 2757 888 2789; x_wconf 92' lang='lat' dir='ltr'>A.</span> <span class='ocrx_word' id='word_1_302' title='bbox 1000 2760 1052 2790; x_wconf 85' lang='lat'>17.</span> <span class='ocrx_word' id='word_1_303' title='bbox 1072 2762 1125 2789; x_wconf 87' lang='lat' dir='ltr'>est</span> <span class='ocrx_word' id='word_1_304' title='bbox 1143 2770 1205 2790; x_wconf 81' lang='lat' dir='ltr'>om.</span> <span class='ocrx_word' id='word_1_305' title='bbox 1227 2758 1265 2790; x_wconf 86' lang='lat' dir='ltr'>C.</span> <span class='ocrx_word' id='word_1_306' title='bbox 1356 2760 1407 2790; x_wconf 86' lang='lat'>18.</span> <span class='ocrx_word' id='word_1_307' title='bbox 1429 2760 1656 2789; x_wconf 83' lang='lat' dir='ltr'>coextensam</span> <span class='ocrx_word' id='word_1_308' title='bbox 1676 2758 1702 2788; x_wconf 78' lang='grc' dir='ltr'><em>Β</em></span> <span class='ocrx_word' id='word_1_309' title='bbox 1723 2756 1749 2787; x_wconf 84' lang='grc' dir='ltr'>Ρ</span> <span class='ocrx_word' id='word_1_310' title='bbox 1765 2756 1822 2789; x_wconf 88' lang='lat' dir='ltr'>Pr.</span> 
     </span>
    </p>
   </div>
   <div class='ocr_carea' id='block_1_7' title="bbox 485 2815 1823 2907">
    <p class='ocr_par' dir='ltr' id='par_1_8' title="bbox 485 2815 1823 2907">
     <span class='ocr_line' id='line_1_46' title="bbox 485 2815 1823 2859; baseline 0 -13"><span class='ocrx_word' id='word_1_311' title='bbox 485 2818 538 2847; x_wconf 75' lang='lat'>20.</span> <span class='ocrx_word' id='word_1_312' title='bbox 558 2815 652 2847; x_wconf 84' lang='lat' dir='ltr'>idem</span> <span class='ocrx_word' id='word_1_313' title='bbox 680 2816 706 2847; x_wconf 75' lang='lat' dir='ltr'>C</span> <span class='ocrx_word' id='word_1_314' title='bbox 722 2817 749 2848; x_wconf 84' lang='lat' dir='ltr'>l&#39;</span> <span class='ocrx_word' id='word_1_315' title='bbox 764 2818 822 2849; x_wconf 79' lang='lat' dir='ltr'>Pr.</span> <span class='ocrx_word' id='word_1_316' title='bbox 923 2818 977 2849; x_wconf 74' lang='lat'>⁴21.</span> <span class='ocrx_word' id='word_1_317' title='bbox 1007 2820 1041 2849; x_wconf 81' lang='lat' dir='ltr'>et</span> <span class='ocrx_word' id='word_1_318' title='bbox 1053 2828 1123 2859; x_wconf 73' lang='lat' dir='ltr'>pro</span> <span class='ocrx_word' id='word_1_319' title='bbox 1142 2818 1235 2848; x_wconf 88' lang='lat' dir='ltr'>enim</span> <span class='ocrx_word' id='word_1_320' title='bbox 1262 2817 1290 2848; x_wconf 86' lang='lat' dir='ltr'>P</span> <span class='ocrx_word' id='word_1_321' title='bbox 1309 2818 1363 2849; x_wconf 82' lang='lat' dir='ltr'>Pr.</span> <span class='ocrx_word' id='word_1_322' title='bbox 1446 2819 1502 2850; x_wconf 81' lang='lat'>23.</span> <span class='ocrx_word' id='word_1_323' title='bbox 1521 2815 1763 2859; x_wconf 76' lang='lat' dir='ltr'>qualificatum</span> <span class='ocrx_word' id='word_1_324' title='bbox 1782 2815 1823 2847; x_wconf 91' lang='lat' dir='ltr'>A.</span> 
     </span>
     <span class='ocr_line' id='line_1_47' title="bbox 485 2875 926 2907; baseline 0.007 -4"><span class='ocrx_word' id='word_1_325' title='bbox 485 2875 537 2907; x_wconf 65' lang='lat'>27.</span> <span class='ocrx_word' id='word_1_326' title='bbox 571 2876 620 2906; x_wconf 69' lang='lat' dir='ltr'>sic</span> <span class='ocrx_word' id='word_1_327' title='bbox 647 2888 709 2906; x_wconf 79' lang='lat' dir='ltr'>om.</span> <span class='ocrx_word' id='word_1_328' title='bbox 738 2876 764 2906; x_wconf 79' lang='lat' dir='ltr'>B</span> <span class='ocrx_word' id='word_1_329' title='bbox 782 2875 808 2907; x_wconf 80' lang='lat' dir='ltr'>C</span> <span class='ocrx_word' id='word_1_330' title='bbox 828 2876 855 2906; x_wconf 64' lang='grc' dir='ltr'>Ι)</span> <span class='ocrx_word' id='word_1_331' title='bbox 871 2876 926 2907; x_wconf 83' lang='lat' dir='ltr'>Pr.</span> 
     </span>
    </p>
   </div>
  </div>
 </body>
</html>
