2035 3359
161 199 242 235 124
877 192 1114 227 JOHANMS
1140 194 1331 227 WIomF.
1614 206 1698 235 off.
1720 207 1787 233 vn.

452 318 526 355 aut
557 326 769 370 personas
802 311 997 367 geminat
1019 311 1279 355 diversitate
1311 311 1576 370 substancie,
1611 312 1788 371 quando

453 398 510 425 ex
540 382 624 425 hiis
657 382 836 439 quidem
870 381 1006 425 homo
1048 382 1244 425 noscitur
1283 383 1516 426 exstitisse.
1557 382 1657 427 Non
1691 399 1790 441 per-

455 453 565 496 dunt
595 453 795 511 propria:
830 453 907 495 sed
941 454 1043 509 quia
1074 453 1117 496 in
1155 468 1292 496 unum
1328 459 1461 510 atque
1493 453 1789 511 inseparabile

454 529 755 567 convenerunt
800 539 856 565 ex
897 524 1103 581 propriis,
1135 523 1343 567 videntur
1374 524 1624 568 communia
1655 524 1788 567 facta.

454 593 660 637 Afficitur
680 594 726 637 in
748 608 935 652 corpore
958 610 1082 637 mens
1106 594 1333 638 doloribus
1349 595 1561 652 corporis,
1583 594 1793 651 fatigatur
1808 609 1828 640 5

458 679 616 722 corpus
650 664 997 721 cogitacionibus
1019 665 1192 720 mentis,
1224 671 1268 708 et
1294 680 1430 708 unum
1452 671 1600 709 tamen
1631 665 1790 710 horum

457 736 684 792 proprium
711 741 779 778 est
801 736 997 794 corporis
1020 741 1063 779 et
1086 735 1275 779 alterum
1307 736 1481 794 mentis,
1505 734 1623 794 quod
1645 742 1793 779 autem

457 807 532 850 uni
558 806 723 849 homini
745 806 920 861 accidit,
954 812 998 850 et
1022 807 1218 863 corporis
1240 806 1417 850 videtur
1439 821 1536 850 esse
1560 821 1793 850 commune

461 883 504 921 et
535 878 709 920 mentis.

189 954 426 1025 Effloffiifflggf
517 947 571 991 In
614 948 709 991 istis
753 947 880 991 dictis
925 954 968 991 et
1012 948 1140 991 dictis
1185 949 1388 1005 superius
1433 948 1469 991 si
1513 947 1793 1004 attendimus,
1814 961 1856 993 10

163 1026 446 1096 frffgtggypssffiff
463 1020 620 1062 asserit
648 1018 938 1077 Augustinus,
964 1019 1083 1077 quod
1105 1020 1149 1062 in
1172 1018 1370 1077 quolibet
1391 1018 1591 1075 perfecto
1614 1019 1793 1063 homine

170 1097 449 1167 alfgtffizfjjgissg‘
465 1096 566 1133 sunt
598 1090 683 1133 due
714 1096 884 1147 nature,
924 1089 1093 1133 scilicet
1130 1105 1293 1148 corpus
1332 1096 1377 1133 et
1414 1091 1572 1146 anima,
1607 1105 1794 1148 quorum

211 1172 413 1237 yegessggnqne
463 1167 703 1219 utrumque
727 1167 794 1204 est
816 1161 936 1205 aliud
960 1176 1092 1219 quam
1114 1159 1349 1219 reliquum,
1373 1166 1417 1203 et
1437 1167 1585 1203 tamen
1606 1166 1795 1218 utraque

369 1223 376 1237 ’
464 1238 622 1275 natura
654 1238 720 1275 est
751 1232 907 1275 eadem
939 1245 1151 1290 persona;
1199 1231 1299 1275 ideo
1338 1246 1426 1274 una
1455 1246 1544 1274 non
1588 1237 1655 1274 est
1698 1230 1796 1288 alia,

467 1303 546 1347 sed
567 1300 698 1357 idem,
723 1302 843 1359 quod
864 1302 1046 1360 reliqua.
1072 1301 1275 1346 Secundo
1296 1302 1413 1358 dicit,
1437 1303 1570 1360 quod,
1591 1301 1697 1345 licet
1716 1300 1800 1345 iste
1818 1316 1859 1348 15

468 1374 554 1417 due
596 1379 753 1416 nature
799 1373 1070 1417 confundant
1122 1372 1411 1429 substancias,
1467 1373 1530 1416 sic
1580 1372 1801 1429 videlicet,

470 1444 588 1502 quod
610 1444 653 1486 in
674 1443 853 1486 homine
882 1444 1106 1501 disparate
1128 1449 1230 1487 sunt
1252 1443 1523 1500 substancie,
1545 1458 1633 1486 non
1655 1449 1803 1487 tamen

471 1515 694 1572 disparato
728 1520 829 1558 sunt
859 1529 1061 1571 persone,
1085 1514 1163 1557 sed
1185 1519 1375 1572 utraque
1409 1514 1564 1557 eadem
1597 1528 1803 1570 persona.

173 1591 455 1654 wffituffielsstsshgge
469 1585 627 1628 Tercio
668 1584 786 1639 dicit,
826 1585 944 1643 quod
992 1601 1049 1629 ex
1091 1585 1260 1628 unitate
1304 1591 1393 1628 tam
1434 1585 1674 1642 disparium
1729 1599 1803 1628 na-

192 1662 436 1725 nattffieotffifgssftss
471 1662 670 1699 turarum
694 1656 739 1699 in
761 1657 916 1699 eadem
939 1671 1131 1714 persona
1153 1656 1370 1713 quidquid
1400 1655 1616 1698 ambabus
1637 1656 1804 1698 naturis
1819 1670 1863 1701 20

470 1726 834 1772 communicabile
865 1728 940 1771 uni
963 1727 1189 1782 acciderit,
1212 1741 1291 1784 pro
1314 1732 1514 1785 tempore
1541 1725 1796 1769 conexionis

466 1800 644 1857 utrique
676 1799 893 1853 convenit,
916 1797 1021 1842 licet
1043 1798 1207 1855 dispari
1228 1798 1418 1854 racione,
1449 1803 1498 1840 ut
1525 1813 1648 1840 mens
1681 1796 1801 1840 dolet

470 1870 785 1928 compaciendo
830 1869 1017 1927 corpori,
1057 1875 1101 1912 et
1147 1883 1308 1926 corpus
1355 1867 1611 1911 debilitatur
1650 1867 1809 1910 mentis

473 1940 714 1996 doloribus,
755 1956 841 1999 que
879 1941 1111 1998 reciproca
1156 1939 1405 1997 compassio
1447 1944 1525 1982 est.
1588 1937 1719 1981 Unde
1752 1937 1807 1980 ad

470 2012 810 2059 interimendum
871 2011 1032 2068 glosas,
1095 2026 1180 2068 que
1237 2010 1390 2054 volant
1453 2009 1587 2052 hodie
1658 2014 1810 2052 contra
1824 2020 1868 2053 25

471 2087 610 2133 verba
641 2086 858 2143 scripture
890 2090 934 2127 et
962 2082 1230 2126 sentenciam
1262 2080 1511 2138 Augustini,
1551 2094 1657 2137 sepe
1690 2078 1808 2129 dicit,

663 2222 692 2251 1.
714 2216 793 2250 Non
812 2216 900 2248 enim
919 2215 1002 2248 haec
1020 2218 1080 2253 aut
1098 2212 1325 2246 substantiam
1343 2211 1562 2256 confundunt
1579 2230 1622 2235 —
1637 2211 1812 2256 qeminant

569 2277 658 2322 Auy.
677 2296 720 2301 —
739 2274 1017 2319 quandoquidem
1042 2284 1133 2306 unus
1158 2284 1199 2307 ex
1224 2273 1277 2305 his
1301 2272 1399 2305 Izomo
1424 2270 1512 2316 Aug.
1532 2289 1572 2294 —-
1592 2270 1695 2312 facta
1723 2279 1810 2303 com-

570 2338 691 2370 munia
715 2334 803 2379 Aug.
829 2352 872 2359 -——
900 2334 1053 2380 corporis
1078 2333 1223 2365 alterum
1248 2330 1335 2376 Any.

570 2446 602 2478 2.
629 2445 662 2476 3.
688 2441 803 2486 perdit
827 2441 885 2473 Pr.
959 2442 991 2472 3.
1017 2438 1250 2481 inseparabili
1276 2438 1358 2470 libri
1428 2438 1460 2469 4.
1488 2435 1705 2469 conveniunt
1729 2434 1812 2467 BP.

477 2506 509 2537 4.
535 2504 655 2536 omnia
675 2513 747 2546 pro
773 2500 978 2535 communia
1014 2499 1043 2531 B
1059 2498 1085 2531 C
1102 2499 1159 2531 Pr.
1304 2497 1334 2529 6.
1363 2496 1456 2528 enim
1483 2506 1553 2538 pro
1578 2497 1698 2526 tamen
1724 2492 1813 2526 libri.

479 2565 510 2597 7.
530 2572 657 2605 corpus
674 2561 715 2594 A.
812 2560 914 2593 alteri
933 2570 1003 2601 pro
1020 2558 1148 2590 mentis
1166 2557 1194 2589 B
1210 2556 1237 2588 C
1251 2556 1292 2598 P,
1316 2555 1446 2588 mentis
1471 2565 1533 2587 om.
1560 2553 1617 2586 Pr.
1723 2552 1814 2584 inter

478 2626 559 2655 ante
583 2620 679 2664 quod
710 2620 794 2653 add.
820 2620 922 2662 PPr,
958 2628 1069 2650 unum
1112 2617 1153 2659 P,
1197 2615 1381 2648 hominum
1407 2613 1509 2646 APr.
1618 2613 1649 2644 8.
1677 2613 1711 2643 et
1735 2614 1815 2643 ante

480 2681 637 2724 corporis
663 2692 725 2714 om.
754 2681 794 2712 A.
881 2679 912 2711 8.
941 2679 972 2709 9.
1000 2677 1165 2718 corpori.
1186 2699 1219 2706 ..
1242 2674 1351 2706 menti
1376 2672 1416 2705 A.
1505 2672 1560 2704 10.
1587 2669 1720 2702 edoctis
1743 2679 1813 2710 pro

482 2744 516 2774 et
547 2740 650 2772 dictis
689 2739 728 2772 A.
805 2739 860 2771 13.
897 2739 1046 2778 uterque
1084 2735 1125 2766 B.
1162 2737 1284 2765 tamen
1317 2731 1414 2774 quod
1449 2733 1639 2771 utrumque
1672 2726 1814 2760 CPPr.

484 2801 536 2833 15.
571 2810 639 2842 que
666 2798 694 2829 B
711 2797 737 2830 C
753 2797 811 2829 Pr.
888 2797 941 2828 16.
968 2794 1064 2826 valet
1088 2793 1116 2825 B
1133 2792 1159 2825 C
1174 2793 1201 2824 P
1219 2792 1278 2832 Pr,
1311 2791 1496 2832 desperate
1522 2788 1604 2821 libri
1626 2787 1681 2819 liic
1707 2790 1737 2819 et
1761 2787 1813 2817 in-

473 2858 549 2900 fra.
624 2855 842 2889 confundant
869 2854 908 2886 A.
984 2856 1039 2885 21.
1067 2855 1119 2885 est
1144 2855 1223 2883 ante
1248 2850 1309 2882 uni
1337 2848 1420 2881 add.
1437 2849 1475 2880 A.
1550 2847 1605 2878 22.
1633 2843 1756 2876 dolens
1772 2843 1814 2875 A.
