2035 3359
1794 194 1815 214 Ο

626 197 644 247 5
668 193 705 236 3.
739 193 871 235 Books
883 195 1109 248 preparinq
1130 195 1172 235 in
1194 194 1375 235 Edz'tors'
1397 196 1535 236 hands.
1792 215 1816 235 υ

344 320 430 363 Mr.
449 321 627 372 Archer,
652 322 736 363 and
757 321 841 363 Mr.
866 321 1052 373 Hessels,
1076 337 1146 363 are
1167 321 1426 376 proceeding
1447 321 1596 378 slowly
1617 322 1721 363 with
1744 321 1817 363 the

344 380 539 421 treatises
561 380 664 435 they
685 380 795 421 have
822 380 1104 437 respectively
1125 380 1171 434 in
1202 380 1328 421 hand.
1391 380 1468 422 Dr.
1492 381 1719 422 Auerbach
1740 380 1817 421 has

344 439 514 480 thrown
536 453 593 493 up
615 439 688 479 the
711 438 828 479 work
850 439 903 479 he
925 438 1007 479 had
1030 438 1299 479 undertaken
1321 443 1364 479 to
1387 439 1439 479 do
1456 438 1521 479 for
1543 439 1615 479 the
1632 439 1814 493 Society.

404 496 441 538 3.
476 496 566 537 The
587 496 810 551 following
830 496 968 538 works
990 512 1061 538 are
1086 497 1246 552 copied,
1271 497 1355 538 and
1382 496 1428 538 in
1456 496 1642 538 Editors’
1666 496 1815 547 hands,

343 554 578 610 preparing
599 554 664 596 for
684 554 946 610 publication
967 570 975 596 :

344 631 502 666 Summa
520 631 763 675 Theologiae.

344 678 446 713 Book
571 680 601 715 Ι.
654 679 713 714 De
731 679 937 714 Mandatis
954 678 1122 723 Divinis,
1138 678 1192 714 ed.
1209 679 1252 715 F.
1269 679 1313 714 D.
1331 679 1532 714 MATTHEW
1551 679 1693 725 (nearly
1707 678 1817 725 ready

721 727 776 761 for
792 727 922 772 press).

390 800 410 817 „
548 773 597 808 II.
649 773 708 808 De
727 774 846 808 Statu
863 774 1132 809 Innocentiae.
1185 774 1301 809 Ditto.

389 848 409 864 „
462 821 598 857 IV.-V.
652 821 711 856 De
730 821 847 856 Civili
864 821 1058 865 Dominio,
1078 822 1132 856 ed.
1153 822 1194 856 R.
1215 822 1254 856 L.
1275 822 1414 864 Poom,
1434 821 1550 865 Μ.Α.,
1572 821 1690 857 Ph.D.

859 869 975 914 (Book
994 869 1068 903 HI.
1088 869 1156 903 has
1173 869 1266 903 been
1284 869 1435 911 issued.)

523 915 591 950 VI.
645 915 705 950 De
723 916 907 950 Veritate
926 917 962 951 S.
985 916 1221 960 Scripturae,
1242 917 1296 952 ed.
1320 917 1384 952 Dr.
1402 917 1444 951 R.
1466 916 1732 951 BUDDENSIEG.

393 990 413 1006 „
512 963 600 999 VII.
648 963 707 998 De
725 964 910 1005 Ecclesia,
931 964 997 998 has
1015 964 1108 998 been
1126 964 1276 1009 issued.)

403 1037 410 1053 ‚
483 1011 594 1046 VIII.
648 1011 708 1045 De
738 1011 872 1046 Officio
902 1011 1034 1055 Regis,
1047 1011 1102 1046 ed.
1128 1012 1182 1046 W.
1202 1012 1248 1047 A.
1272 1011 1428 1055 Pollard,
1449 1011 1549 1046 M.A.
1572 1012 1705 1057 (1887).

529 1058 596 1092 ΙΧ.
647 1058 706 1093 De
726 1058 932 1093 Potestate
950 1059 1092 1102 Papae,
1112 1059 1166 1093 ed.
1187 1058 1231 1093 A.
1252 1059 1417 1093 PATERA.

550 1106 594 1140 X.
646 1106 705 1140 De
724 1106 906 1150 Simonia,
927 1106 980 1140 ed.
1009 1107 1074 1142 Dr.
1098 1105 1532 1141 HERZBERG-FRAKNKEL.

522 1153 591 1188 XI.
644 1153 703 1187 De
721 1154 949 1197 Apostasia,
970 1153 1023 1188 ed.
1044 1154 1084 1188 F.
1108 1154 1152 1188 D.
1173 1154 1384 1190 MATTHEW.

390 1227 410 1243 ,‚
498 1200 593 1235 XII.
643 1200 702 1235 De
720 1201 981 1245 Blasphemia,
1001 1201 1055 1235 ed.
1075 1201 1115 1235 T.
1134 1201 1178 1235 A.
1199 1203 1378 1241 Aacnnn,
1398 1201 1496 1237 M.A.

344 1247 533 1290 Sermons,
555 1248 661 1282 Parts
680 1251 710 1291 2,
731 1251 761 1291 3,
781 1252 812 1291 4,
833 1248 888 1283 ed.
909 1248 1003 1282 Prof.
1023 1249 1045 1282 J
1049 1275 1055 1282 .
1078 1248 1266 1290 LosERTH,
1288 1249 1402 1284 Ph.D.

343 1295 451 1338 Opus
478 1295 769 1339 Evangelicum,
801 1296 878 1330 sive
904 1295 963 1329 De
990 1296 1172 1330 Sermone
1203 1296 1363 1331 Domini
1387 1296 1429 1331 in
1454 1296 1603 1340 Monte,
1634 1296 1689 1333 ed.
1722 1297 1815 1332 Prof.

437 1342 472 1378 J.
497 1342 686 1381 LOSERTH,
708 1343 824 1378 Ph.D.

343 1389 646 1424 Miscellaneous
663 1391 809 1433 Tracts,
830 1390 884 1425 ed.
898 1390 936 1425 F.
950 1391 996 1426 D.
1011 1391 1210 1425 MATTHEW
1230 1393 1298 1436 (43,
1318 1394 1373 1434 44,
1395 1391 1556 1437 Shirley)
1574 1405 1581 1434 3
1608 1391 1818 1435 Expositio

439 1437 476 1472 S.
500 1438 648 1473 Matth.
672 1450 699 1472 c.
720 1438 817 1472 xxiii.
838 1438 934 1473 xxiv.
953 1452 960 1479 3
991 1439 1067 1482 (54)
1096 1438 1243 1473 Contra
1266 1439 1505 1482 Magistrum
1529 1439 1748 1473 Outredum
1771 1440 1819 1473 de

439 1485 660 1527 Ornes1ma3
687 1487 760 1530 (55)
781 1485 929 1520 Contra
947 1485 1190 1520 Willelmum
1213 1486 1400 1530 Vynham
1412 1500 1419 1528 3
1446 1488 1521 1531 (48)
1540 1487 1599 1520 De
1618 1486 1819 1521 Servitute

439 1532 548 1566 civili
565 1533 605 1566 et
623 1532 807 1567 Dominio
826 1533 992 1567 seculari
1008 1547 1016 1576 3
1042 1534 1115 1579 (64)
1131 1533 1190 1568 De
1208 1533 1452 1578 Paupertate
1472 1534 1620 1569 Christi
1639 1545 1646 1579 ;
1672 1535 1744 1579 (77)
1760 1534 1819 1568 De

439 1579 584 1614 Ordine
604 1580 840 1614 Christiano.

343 1626 402 1661 De
420 1626 604 1661 Dominio
622 1627 780 1671 Divino,
801 1628 854 1662 ed.
876 1627 919 1662 R.
942 1628 982 1663 L.
1004 1628 1142 1671 POOLE,
1163 1628 1264 1663 M.A.

343 1674 402 1708 De
420 1673 590 1708 Actibus
607 1674 785 1717 Animae,
805 1675 861 1709 ed.
881 1675 916 1709 J.
940 1675 987 1709 H.
1005 1675 1189 1718 HEssnns,
1210 1676 1311 1710 M.A.

345 1721 407 1756 De
434 1721 687 1756 Eucharistia
711 1723 911 1756 tractatus
935 1723 1069 1766 maj0r,
1089 1723 1143 1757 ed.
1164 1723 1261 1759 Prof.
1283 1723 1316 1758 J.
1338 1723 1528 1760 Losnn'rH.

344 1769 603 1851 Quaesltiones
628 1769 777 1813 logicae
803 1771 844 1804 et
869 1770 1165 1814 philosophicae
1193 1771 1302 1816 (from
1320 1771 1384 1806 the
1403 1772 1541 1817 unique
1560 1771 1700 1817 Prague
1723 1771 1818 1817 MS.)

438 1828 456 1851 e
487 1845 494 1852 .
520 1817 681 1851 RUDOLF
706 1817 825 1851 BEER.

403 1886 493 1928 The
514 1886 735 1943 following
756 1888 895 1929 works
923 1904 994 1929 are
1025 1888 1172 1943 copied
1194 1888 1309 1943 only,
1334 1890 1418 1930 and
1441 1889 1540 1931 wait
1562 1889 1627 1931 for
1648 1890 1816 1931 editors.

345 1945 435 1986 The
450 1946 594 2001 copies
615 1961 724 1987 were
745 1947 868 1988 made
889 1947 946 2002 by
963 1947 1040 1988 Dr.
1066 1947 1341 2003 Buddensieg
1366 1948 1536 2003 (except
1556 1948 1658 1990 Nos.
1680 1949 1716 1998 l,
1736 1949 1820 1990 and

344 2004 435 2059 24),
460 2005 544 2045 and
565 2004 619 2045 he
640 2004 795 2060 kindly
816 2004 957 2060 places
978 2005 1095 2047 them
1118 2011 1161 2047 at
1183 2006 1257 2047 the
1278 2005 1484 2061 Society's
1505 2006 1689 2062 disposal
1708 2023 1716 2048 ε

369 2073 420 2117 (1)
446 2072 600 2116 Logica.
1086 2073 1159 2118 (58)
1195 2074 1247 2108 ad
1294 2075 1528 2117 argumenta
1575 2075 1780 2118 cuiusdam

345 2120 421 2166 (23)
446 2120 505 2154 De
518 2120 770 2154 Eucharistia
781 2121 820 2154 et
833 2120 1040 2155 Poeniten-
1225 2122 1344 2155 emuli
1360 2122 1553 2156 veritatis.

485 2167 554 2210 tia,
575 2168 652 2201 sive
670 2167 729 2202 De
748 2168 1008 2202 Confessione.
1084 2169 1157 2213 (59)
1188 2169 1240 2203 ad
1258 2169 1344 2202 xliv
1361 2169 1620 2213 quaestiones.

346 2214 420 2259 (24)
446 2214 505 2248 De
524 2215 748 2258 Prophetia.
1084 2217 1159 2261 (60)
1195 2216 1246 2250 ad
1264 2217 1397 2250 decem
1415 2217 1674 2260 quaestiones.

346 2262 420 2306 (39)
449 2262 580 2296 Sermo
599 2263 776 2297 Pulcher.
1405 2285 1498 2290 ——

345 2310 420 2353 (47)
447 2309 506 2343 De
525 2309 711 2344 Oratione
729 2310 945 2345 Dominica.
1084 2312 1157 2355 (61)
1184 2311 1387 2355 Epistolae
1406 2311 1515 2346 Octo.

347 2358 424 2401 (48)
450 2356 509 2391 De
528 2357 775 2391 Salutatione
793 2358 994 2401 Angelica.
1087 2360 1160 2402 (92)
1188 2358 1247 2392 De
1266 2358 1461 2393 Praelatis
1480 2359 1797 2395 Contentionum.

670 2425 763 2430 ——
1088 2407 1161 2449 (94)
1188 2406 1247 2440 De
1267 2406 1611 2441 Graduationibus.

534 2451 834 2495 Responsiones.
1084 2454 1157 2498 (95)
1185 2453 1244 2487 De
1263 2453 1459 2488 Gradibus
1478 2454 1581 2488 Cleri
1598 2454 1805 2490 Ecclesiae.

347 2499 421 2543 (57)
450 2499 502 2533 ad
520 2499 738 2533 Radulfum
757 2499 907 2534 Strode.

394 2562 462 2597 Mr.
482 2563 515 2597 J.
538 2564 583 2597 H.
606 2563 786 2598 BULLooK
809 2564 876 2598 has
901 2564 1029 2609 copied
1054 2566 1138 2610 part
1162 2564 1201 2599 of
1222 2564 1285 2598 the
1310 2565 1520 2599 Tractatus
1546 2565 1594 2599 de
1620 2565 1818 2611 Tempore,

345 2610 409 2644 the
429 2610 493 2644 6th
512 2611 676 2645 Treatise
695 2611 734 2645 of
754 2612 853 2645 Book
873 2612 902 2645 I.
924 2614 963 2645 of
982 2612 1041 2646 De
1059 2612 1172 2655 Ente,
1193 2612 1270 2646 sive
1294 2612 1453 2646 Summa
1473 2613 1818 2648 Intellectualium.

395 2658 465 2691 Mr.
503 2658 665 2692 RUDOLF
706 2659 817 2693 BEER
849 2659 922 2693 will
959 2659 1103 2704 shortly
1144 2671 1237 2704 copy
1271 2659 1330 2693 De
1373 2660 1545 2694 Materia
1586 2662 1626 2694 et
1668 2660 1819 2704 Forma,

347 2704 571 2748 Replicatio
617 2705 665 2739 de
715 2705 1027 2749 Un1versafibus,
1063 2707 1135 2740 and
1176 2706 1411 2740 Differentia
1458 2707 1564 2742 inter
1609 2707 1820 2744 Peccatum

346 2751 518 2787 Mortale
537 2753 576 2786 et
595 2753 761 2788 Veniale
782 2753 950 2799 (Shirley,
972 2757 1002 2798 6,
1024 2757 1054 2799 9,
1076 2756 1145 2801 28),
