2035 3359
186 200 264 236 122
913 195 1149 228 JOHANNIS
1177 195 1362 228 WICLIF.
1633 207 1716 233 CAP.
1739 207 1806 233 vu.

184 313 635 392 safnheeypgrrpossheofsolutss
671 314 773 370 quia
806 313 998 371 quiditas
1022 313 1215 369 animati,
1250 319 1293 355 et
1318 329 1398 370 per
1432 329 1704 371 consequens
1736 313 1809 356 illa

284 403 365 421 man.
479 390 635 426 natura
658 399 882 441 corporea,
921 399 1005 441 que
1042 391 1107 427 est
1134 384 1286 438 hon103
1322 391 1364 427 ct
1398 386 1458 427 sic
1482 400 1606 427 mens
1644 391 1686 427 et
1722 386 1808 426 ani-

477 457 617 498 macio
664 462 764 498 sunt
818 455 972 497 eadem
1003 470 1193 511 persona
1234 455 1435 511 hominis,
1477 462 1527 498 ut
1571 456 1812 498 sentenciat

481 526 767 582 Augustinus.
801 526 860 568 Et
892 526 954 567 sic
987 527 1256 581 conceditur,
1291 527 1325 568 si
1358 525 1505 584 aliqua
1536 528 1676 583 magis
1710 541 1809 569 con-

479 598 672 653 veniunt,
696 603 799 639 tunc
814 597 1257 654 proporcionabiliter
1273 603 1373 639 sunt
1387 597 1518 653 idem,
1537 597 1612 640 sed
1630 612 1752 639 mens
1769 604 1812 640 et
1826 609 1845 640 5

479 668 729 710 accidencia
741 683 898 710 novem
911 683 1120 723 generum
1136 683 1222 711 non
1239 674 1425 725 possunt
1441 668 1550 710 adeo
1564 669 1810 711 convenire.

183 751 261 777 Note
275 750 353 810 dthati
379 755 464 808 ⁵9sm⁰
537 737 624 781 Sed
677 739 930 795 notandum,
977 739 1095 795 quod
1141 738 1286 795 aliqua
1336 739 1514 781 nomina
1566 738 1813 794 significant

208 792 441 882 Ξέἶὶοέῖξὲᾃέὲῖ
479 810 721 852 essenciam
738 810 881 851 anime
897 809 1087 851 humane
1106 810 1197 851 sine
1214 810 1528 852 connotacione
1543 809 1811 851 actuacionis

193 891 443 960 τῗὲἑΐξιῷἶὶιιξε
477 880 686 937 corporis,
737 886 785 922 ut
833 880 1024 936 spiritus,
1074 879 1382 935 intelligencia‚
1430 895 1555 922 mens
1609 879 1811 935 humana,

306 947 312 961 ‚

184 963 304 1023 athos-s„
332 964 461 1022 ⁰⁰33th
478 951 647 993 animus
681 958 723 993 et
755 950 923 1006 similia,
959 950 1105 1007 aliqua
1131 957 1235 993 cumv
1270 951 1576 994 connotatione
1615 950 1809 994 vivifica-
1829 963 1871 994 10

186 1005 354 1064 ἆὲοιᾎῖιίἶῖ
385 1004 462 1057 froiii
479 1021 613 1063 cionis
664 1023 877 1079 corporis,
922 1028 970 1064 ut
1001 1023 1159 1077 anima,
1206 1023 1309 1078 vita,
1350 1023 1562 1065 animacio
1604 1029 1646 1065 et
1691 1029 1812 1066 actus

230 1068 409 1100 Augustino.
644 1092 653 1100 .
895 1093 903 1100 .
943 1093 951 1101 .
1020 1093 1028 1101 .
1083 1093 1089 1100 .
1115 1093 1122 1100 .
1419 1094 1427 1101 .
1698 1094 1705 1102 .

479 1107 678 1149 corporis
723 1107 824 1135 cum
871 1091 953 1134 s1b1
996 1091 1224 1135 slmihbus.
1287 1092 1348 1136 Et
1385 1093 1486 1136 hmo
1527 1108 1632 1137 vere
1665 1094 1815 1136 dicunt

482 1163 702 1218 doctores,
737 1163 854 1221 quod
889 1179 1012 1206 mens
1050 1163 1121 1207 vel
1160 1164 1307 1207 anima
1347 1164 1419 1208 vel
1460 1165 1630 1207 animus
1665 1164 1813 1207 distin-

478 1239 685 1290 guuntur,
719 1240 768 1276 ut
789 1232 1064 1290 Augustinus
1097 1235 1138 1276 in
1164 1234 1352 1291 epistula
1369 1238 1445 1288 4οᾶ
1476 1235 1532 1278 ad
1554 1236 1814 1278 Dardanum

478 1307 533 1345 30
576 1304 637 1346 ita
681 1303 851 1348 scribit:
903 1303 1081 1357 ‘Quero’
1136 1306 1291 1362 inquit,
1341 1306 1579 1363 ‘quomodo
1624 1306 1814 1363 accipies
1831 1314 1872 1346 15

476 1374 696 1417 hominem
722 1374 947 1418 Oristum‘?
973 1375 1071 1419 Non
1094 1376 1259 1433 utique,
1294 1376 1406 1419 sicut
1429 1377 1608 1434 quidam
1632 1376 1815 1419 heretici

475 1446 661 1490 verbum
697 1446 769 1488 dei
809 1452 852 1488 et
876 1462 1066 1503 carnem,
1100 1447 1186 1490 hoc
1220 1453 1286 1489 est
1317 1448 1408 1491 sine
1440 1448 1586 1490 anima
1618 1447 1812 1490 humana

476 1522 525 1559 ut
556 1516 743 1560 verbum
778 1524 894 1560 esset
925 1519 1044 1559 carni
1083 1533 1164 1575 pro
1211 1518 1373 1560 anima:
1414 1517 1486 1561 vel
1518 1518 1713 1561 secundo
1746 1533 1812 1561 ac-

477 1588 612 1644 cipies
644 1587 829 1631 verbum
866 1588 935 1631 dei
977 1595 1020 1631 et
1058 1604 1232 1631 carnem
1274 1595 1317 1632 et
1363 1590 1564 1644 animam,
1603 1590 1679 1632 sed
1721 1589 1812 1631 sine

477 1665 622 1701 mente
666 1658 872 1715 humana,
922 1666 970 1703 ut
1020 1660 1208 1702 verbum
1261 1660 1331 1703 dei
1382 1667 1498 1704 esset
1542 1661 1685 1703 anima
1728 1675 1809 1717 pro
1827 1668 1870 1699 20

475 1735 620 1772 mente
664 1727 866 1772 humana.
929 1730 1028 1773 Non
1071 1731 1224 1787 utique
1271 1731 1334 1773 sic
1377 1732 1538 1788 accipis
1588 1731 1810 1774 hominem

664 1826 696 1856 5.
746 1826 797 1857 15.
838 1825 927 1867 Aug.
968 1836 1020 1868 ep.
1053 1824 1286 1857 CLXXXVII
1323 1825 1369 1858 ad
1398 1824 1510 1858 Dard.
1540 1825 1583 1858 Il.
1615 1827 1646 1859 4.
1681 1826 1812 1870 (Miyne

572 1884 752 1919 XXXIII
776 1887 882 1921 833.)
917 1885 986 1918 Ubi
1010 1897 1067 1929 6510
1094 1896 1218 1928 quaero
1245 1885 1297 1918 vel
1325 1887 1447 1927 potius
1476 1896 1621 1929 aquosco
1656 1885 1817 1928 quemad-

572 1944 709 1977 modum
735 1946 888 1987 accipias
915 1945 1081 1978 hominem
1104 1945 1292 1978 Christum.
1323 1945 1401 1978 Non
1427 1947 1542 1989 utique
1566 1947 1653 1980 sicut
1677 1945 1817 1989 quidam

574 2005 749 2046 haeretici,
790 2005 937 2039 Verbum
963 2006 1032 2038 Dei
1057 2010 1087 2038 et
1125 2016 1275 2046 carnem,
1314 2006 1376 2039 hoc
1407 2010 1465 2046 est,
1502 2007 1576 2039 sine
1614 2007 1731 2038 anima
1756 2004 1817 2038 hu-

572 2076 694 2108 mana5
729 2069 766 2098 ut
805 2065 949 2098 Verbum
975 2069 1060 2098 esset
1089 2066 1187 2097 carni
1212 2075 1280 2107 pro
1312 2066 1450 2104 amima,-
1485 2065 1537 2098 vel
1574 2064 1719 2098 Verbum
1747 2064 1818 2098 Dei

572 2129 602 2158 et
629 2126 779 2157 animam
797 2129 826 2157 et
845 2135 992 2165 carnem,
1010 2124 1070 2157 sed
1096 2126 1168 2157 sinc
1193 2129 1301 2157 mente
1327 2124 1498 2168 humana;
1521 2129 1560 2157 ut
1584 2123 1722 2158 verbum
1747 2125 1820 2159 Dei

580 2188 665 2217 esset
699 2186 834 2217 animae
846 2195 917 2227 pro
935 2189 1042 2216 mente
1061 2183 1226 2216 humana.
1255 2183 1333 2216 Non
1352 2185 1467 2227 utique
1482 2184 1530 2216 sic
1549 2185 1678 2228 accipis
1711 2185 1818 2218 homi-

575 2255 649 2276 nem
672 2243 859 2285 Christum,
888 2244 947 2277 sed
967 2245 1054 2276 sicut
1072 2245 1234 2285 superius
1253 2244 1386 2276 locutus
1406 2254 1451 2283 68,
1469 2243 1528 2276 ubi
1543 2244 1625 2277 aisti
1645 2243 1819 2277 Christum

573 2304 832 2344 omnipotentem
869 2314 909 2335 ea
943 2308 973 2335 te
1004 2304 1137 2335 ratione
1182 2303 1395 2335 credulitatis
1432 2303 1596 2344 accipere,
1633 2308 1670 2336 ut
1707 2303 1819 2336 Deum

574 2371 643 2394 von
669 2360 834 2403 crederes,
860 2364 929 2394 nisi
951 2362 1146 2403 perfectum
1172 2363 1273 2395 etiam
1299 2362 1464 2394 hominem
1489 2362 1703 2396 credidisses.
1731 2362 1819 2395 Pro-

571 2420 661 2461 fecto
689 2431 764 2453 cum
789 2421 876 2453 dicis
894 2423 1059 2455 hominem
1072 2421 1281 2464 perfectum,
1307 2426 1411 2455 totam
1428 2422 1500 2453 illic
1518 2426 1680 2454 naturam
1699 2421 1816 2454 huma-

573 2491 653 2511 nam
678 2481 728 2511 ‘vi-9
754 2481 904 2524 intelliyi
929 2487 1030 2523 etqu.

580 2568 609 2598 1.
649 2566 809 2598 essencia
846 2564 918 2597 AB
938 2564 975 2596 C.
1121 2566 1151 2596 6.
1193 2564 1381 2596 convenire
1415 2582 1456 2587 —-
1485 2563 1638 2595 humane
1677 2575 1739 2596 om.
1778 2563 1816 2596 P.

485 2627 514 2657 7.
541 2628 576 2658 2⁰
591 2625 631 2657 A.
754 2627 808 2657 10.
837 2627 870 2656 ct
896 2623 966 2655 alia
992 2622 1122 2655 similia
1146 2623 1290 2663 BPPr,
1317 2622 1447 2655 similia
1472 2621 1544 2654 alia
1577 2622 1615 2654 O.
1690 2624 1742 2654 11.
1771 2633 1819 2654 an

482 2685 591 2716 viva?
692 2686 744 2716 12.
772 2684 837 2715 sibi
857 2693 940 2714 vere
959 2682 1133 2714 similibus
1153 2683 1190 2714 P.
1306 2684 1355 2713 16.
1384 2684 1546 2724 quartum
1568 2692 1638 2723 pro
1665 2680 1817 2713 Cristum

481 2743 521 2774 B.
622 2745 673 2774 18.
701 2753 763 2784 pro
792 2752 897 2774 carne
924 2741 953 2772 A
980 2742 1098 2773 anima
1130 2744 1161 2772 ct
1196 2751 1301 2773 carne
1334 2741 1490 2772 humana
1526 2739 1555 2771 A
1593 2741 1630 2771 ut
1672 2739 1816 2770 verbum

483 2801 540 2832 dei
567 2804 659 2833 csset
685 2811 746 2843 pro
775 2803 891 2833 mente
918 2800 1074 2832 humana
1100 2811 1162 2831 om.
1190 2800 1264 2831 rell.
1293 2799 1332 2831 O.
1412 2800 1537 2831 18.19.
1562 2797 1717 2839 accipias
1743 2797 1815 2828 ΑΡ

482 2859 537 2891 Pr.
653 2860 707 2893 21.
736 2860 785 2891 ita
812 2860 850 2891 P.
924 2859 1062 2901 accepit
1087 2858 1175 2890 libri.
