2035 3359
177 225 262 252 CAP.
287 214 341 272 V.]
497 228 562 259 DE
590 227 949 261 COMPOSIOIONE
975 228 1187 261 HOMINIS.

176 333 482 389 operacionem
523 331 785 375 sensibilem.
832 333 944 375 Item
978 333 1033 376 de
1064 333 1346 386 humanitate,
1380 335 1497 391 quod

174 404 269 460 ipsa
316 404 370 446 sit
416 403 690 447 indivisibilis
724 404 868 459 quoad
914 404 1073 446 molem
1107 420 1162 447 ex
1193 404 1278 447 hoc
1309 405 1496 460 videtur,

176 474 291 532 quod
325 474 420 530 ipsa
450 473 586 515 habet
609 475 930 530 operacionem,
955 474 1119 517 scilicet
1150 475 1497 518 intelleccionem

175 559 261 587 non
284 544 545 600 organicam,
581 550 623 586 et
656 545 852 586 essencia
875 545 965 586 eius
1000 551 1064 587 est
1097 545 1333 602 simplicior
1366 561 1495 603 quam

140 625 159 655 5
177 615 267 657 eius
291 614 509 670 operacio‚
540 629 642 669 ergo
665 614 801 656 multo
835 616 973 670 magis
998 616 1194 657 essencia
1215 616 1495 658 humanitatis

176 690 240 727 est
256 700 340 727 non
365 685 579 739 organica.
604 683 892 740 Assumptum
915 691 1035 741 patet
1057 687 1276 742 posterius
1298 701 1379 743 per
1396 686 1492 741 hoe,

177 755 292 811 quod
339 755 477 797 omnis
523 755 663 796 virtus
712 754 888 810 alligata
933 770 1096 811 organo
1153 756 1368 813 corporali
1410 772 1496 799 non

177 825 295 882 capit
326 825 528 867 noticiam
576 825 879 881 disposicionis
912 826 1122 868 naturalis
1155 827 1221 868 sui
1255 828 1418 883 organi,
1451 835 1497 869 ut

174 896 293 937 visus
324 910 412 936 non
445 896 573 936 sentit
615 894 956 951 diaphanitatem
1001 895 1072 938 vel
1105 895 1297 939 colorem
1330 897 1495 939 cristal-

120 965 316 1019 loleidis,
340 970 482 1007 tactus
504 980 609 1007 vero
629 979 715 1007 non
738 965 867 1007 sentit
888 965 1131 1007 naturalem
1146 965 1496 1023 complexionem

176 1036 301 1077 nervi
332 1034 528 1089 subiecti,
565 1040 607 1077 et
640 1035 701 1076 sic
735 1035 788 1076 de
823 1034 930 1089 aliis7
964 1041 1011 1077 ut
1042 1042 1164 1092 patet
1197 1037 1495 1092 experimento

186 1111 228 1147 et
251 1106 441 1147 racione.
474 1104 727 1147 Intellectus
755 1111 899 1147 autem
923 1105 1139 1148 humanus
1164 1107 1279 1163 capit
1295 1107 1498 1149 noticiam

79 1170 109 1202 Α
149 1175 382 1233 homnium,
407 1190 509 1229 ergo
524 1189 611 1216 non
626 1181 690 1217 est
705 1175 842 1217 virtus
858 1189 1017 1231 organo
1048 1177 1052 1231 Ι
1081 1175 1268 1231 alligata.
1293 1176 1351 1218 Et
1371 1178 1497 1219 istam

24 1217 83 1249 fol.
103 1219 147 1250 54
176 1245 396 1287 racionem
427 1246 565 1300 tangit
586 1244 876 1301 philosophus
910 1249 951 1285 30
972 1246 1026 1288 de
1059 1246 1202 1288 anima
1235 1251 1301 1287 ca⁰
1326 1250 1380 1290 1⁰.

1736 224 1787 261 89

122 1324 163 1355 15
235 1315 348 1357 Ymo
383 1330 461 1371 per
492 1315 608 1356 idem
641 1315 828 1371 videtur,
864 1316 981 1372 quod
1020 1315 1137 1358 bruti
1171 1317 1413 1360 animalitas
1447 1318 1500 1359 sit
1551 1329 1622 1354 This
1643 1329 1668 1353 is
1689 1331 1754 1354 true

176 1400 256 1442 per
287 1385 402 1426 idem
438 1384 734 1441 multiplicata,
772 1400 868 1427 cum
899 1386 1140 1428 secundum
1171 1387 1497 1430 estimacionem

177 1455 248 1497 vel
279 1455 507 1497 fantasiam
540 1455 582 1495 in
617 1455 797 1498 confuso
828 1457 1052 1511 cognoscit
1084 1458 1228 1498 omnia
1260 1457 1497 1513 sensibilia,

178 1540 278 1568 cum
310 1525 447 1568 habet
470 1532 709 1581 conceptus
732 1525 939 1581 analogos
962 1526 1032 1568 vel
1057 1528 1201 1569 omnia
1224 1529 1498 1571 extrinsecus

177 1595 398 1639 sensibilia
428 1596 804 1652 transcendentes7
828 1602 877 1639 ut
901 1603 1021 1653 patet
1042 1599 1274 1654 posterius.
1309 1598 1354 1640 Si
1388 1599 1500 1641 enim

119 1674 162 1706 20
175 1667 349 1709 brutum
376 1667 600 1722 cognoscit
622 1665 786 1722 aliquid
811 1681 906 1708 esse
931 1667 1013 1709 sibi
1047 1668 1274 1710 amicabile
1309 1675 1351 1710 et
1383 1668 1500 1710 aliud

174 1738 410 1790 inimicum,
444 1743 537 1779 tum
572 1737 795 1793 cognoscit
842 1751 930 1790 ens,
977 1738 1094 1794 quod
1127 1745 1373 1793 generatur,
1408 1754 1498 1780 am-

176 1807 381 1864 plectitur
429 1807 670 1864 quamlibet
718 1812 888 1863 partem
940 1806 1011 1849 vel
1065 1807 1406 1864 disposicionem
1458 1809 1500 1851 in

174 1878 317 1920 bruto.

233 1948 360 1990 Unde
404 1948 676 2005 Augustinus
723 1948 776 1990 de
822 1949 1064 2004 quantitate
1114 1949 1256 1990 anime
1307 1952 1350 1988 6⁰
1385 1955 1427 1991 et
1459 1953 1501 1990 7⁰

118 2024 160 2055 25
177 2018 285 2061 Gen.
321 2019 375 2060 ad
409 2018 599 2061 litteram
636 2022 707 2059 17ο
740 2017 900 2074 probat
932 2018 1326 2061 indivisibilitatem
1360 2020 1501 2062 anime

362 2126 414 2157 15.
445 2123 572 2167 Confer
603 2129 707 2158 totum
733 2126 873 2157 Aristot.
903 2125 944 2157 de
978 2134 1033 2156 an.
1059 2124 1144 2156 libri
1175 2125 1227 2156 ΠΙ
1253 2135 1327 2167 cap.
1359 2127 1387 2157 1.
1418 2126 1501 2166 (Ed.

267 2183 382 2215 Paris.
404 2183 579 2225 111461.)
630 2184 684 2215 24.
710 2182 763 2225 Qf'.
783 2183 871 2226 Aug.
889 2183 931 2216 de
949 2186 1069 2225 quant.
1089 2184 1229 2215 animae
1245 2183 1286 2223 V,
1306 2185 1324 2215 8
1345 2183 1401 2215 fin.
1417 2189 1447 2216 et
1460 2185 1502 2226 V,

267 2244 286 2273 9
305 2242 378 2274 init.
400 2241 532 2285 (Miyne
551 2242 708 2274 XXXII
717 2243 830 2283 1140).
904 2244 959 2274 25.
980 2242 1066 2274 Loci
1084 2242 1152 2273 duo
1170 2243 1207 2273 in
1232 2253 1340 2273 unum
1362 2243 1504 2283 conflati

267 2311 337 2332 esse
370 2301 551 2333 videntur:
595 2299 648 2342 Of.
683 2301 771 2343 Aug.
807 2300 894 2333 Gen.
929 2300 973 2332 ad
1004 2300 1070 2333 litt.
1103 2300 1181 2341 VII,
1217 2302 1258 2332 14
1285 2311 1335 2343 sq.
1369 2301 1503 2344 (Miyne

270 2358 440 2391 XXXIV
458 2361 546 2400 363)
574 2365 604 2392 et
628 2359 779 2401 Epistol.
808 2360 835 2400 Ι,
862 2361 892 2400 3,
921 2361 940 2391 3
969 2359 1101 2402 (Illique
1127 2358 1305 2390 XXXIII
1325 2361 1396 2401 65).

224 2456 251 2485 1.
284 2453 506 2485 humanitate
539 2452 742 2495 specialiter
776 2452 871 2494 quod
907 2452 944 2484 C.
1041 2454 1072 2484 4.
1107 2462 1177 2484 non
1210 2463 1272 2484 om.
1299 2452 1329 2484 A
1427 2454 1502 2485 eius

175 2523 237 2544 om.
271 2512 299 2543 B
317 2511 457 2544 OPPr.
510 2514 540 2544 6.
577 2512 688 2543 eciam
710 2522 779 2552 pro
809 2514 861 2542 est
884 2510 925 2551 A,
956 2510 1125 2552 organica
1154 2510 1194 2550 P,
1230 2512 1438 2553 inorganica
1463 2512 1503 2556 B,

175 2581 246 2602 non
269 2573 322 2602 est
340 2571 507 2612 organica
524 2569 563 2602 C.
600 2569 855 2611 Argumentum
874 2569 912 2600 P.
952 2570 982 2601 8.
1003 2568 1167 2600 animalis
1182 2580 1251 2610 pro
1271 2569 1442 2601 naturalis
1462 2571 1500 2608 A,

175 2631 206 2661 9.
233 2628 475 2660 diafanitatem
494 2628 533 2660 P.
592 2627 805 2660 cristaloidis
830 2627 871 2660 A.
923 2629 976 2659 11.
1004 2628 1068 2659 viri
1092 2639 1160 2669 pro
1186 2629 1285 2659 nervi
1304 2628 1344 2668 A,
1374 2626 1503 2660 obiecti

175 2687 232 2719 vel
264 2687 361 2719 obi7i
383 2686 439 2718 vel
466 2686 618 2718 subiecti
650 2696 836 2717 numerum
862 2685 958 2718 obi7i
986 2688 1021 2717 et
1047 2686 1123 2717 sic.
1146 2710 1179 2717 ..
1207 2686 1265 2718 Pr.
1387 2688 1440 2718 15.
1460 2687 1504 2718 εἰῖ

174 2756 235 2787 per
260 2744 353 2776 idem
379 2756 441 2777 om.
468 2745 568 2785 PPr,
593 2754 655 2786 per
685 2743 779 2775 idem
805 2755 867 2776 om.
893 2743 972 2777 AC.
1049 2745 1101 2775 18.
1130 2745 1344 2776 exstiinseca
1368 2745 1502 2783 BOPr,

176 2804 392 2836 extrinsecus
425 2803 465 2835 P.
493 2814 619 2835 sensus
649 2813 717 2844 pro
750 2806 939 2845 conceptus
953 2802 994 2835 A.
1148 2804 1202 2834 20.
1229 2800 1277 2834 ad
1309 2802 1434 2845 (aliud)
1461 2803 1502 2834 A.

175 2862 229 2892 21.
248 2863 302 2894 22.
324 2861 559 2903 amplectatur
578 2861 635 2893 Pr.
701 2861 754 2893 23.
774 2861 810 2891 in
837 2860 939 2893 bruto
968 2872 1031 2893 om.
1058 2860 1098 2892 A.
1163 2863 1215 2893 24.
1245 2864 1278 2893 et
1306 2862 1344 2892 7⁰
1371 2872 1432 2892 om.
1464 2860 1500 2892 C.

1531 1365 1594 1389 also
1615 1364 1648 1389 of
1664 1364 1778 1389 brutes.

1556 1958 1756 1992 Augustine's

1534 1996 1723 2027 comparison
1743 1995 1776 2019 of

1540 2031 1589 2055 the
1610 2031 1675 2055 soul
1695 2033 1724 2055 to
1746 2037 1763 2054 a

1533 2066 1649 2091 mirror.
1670 2066 1698 2090 It
1717 2065 1771 2090 has
