2035 3359
148 242 230 269 CAP.
252 229 302 288 v.]
468 242 534 274 DE
561 240 920 274 ooMPosicmNE
947 240 1159 272 H0M1N1s.
1701 229 1752 266 93

148 347 389 389 secundum
423 346 664 403 quamlibet
695 351 865 402 partem
901 344 1234 400 quantitativam
1267 343 1467 396 hominis,
1570 354 1670 385 nvery

1519 387 1722 419 quantitative

147 417 315 459 scilicet
328 415 548 458 racionale
572 415 814 458 secundum
829 421 997 470 partem
1014 413 1310 470 partitativam
1328 418 1369 454 et
1383 426 1469 453 non
1501 424 1619 461 part-of
1635 430 1704 447 man
1723 424 1749 448 is

146 488 379 529 hominem.
443 486 537 528 Nec
585 485 874 528 sollicitantur
916 482 1167 540 philosophi
1198 487 1470 538 pertractare
1494 458 1752 533 azxililmffilpctfaiffiiiie

150 558 203 599 de
236 555 468 613 speciebus
513 554 677 603 talium,
728 569 813 611 que
854 568 941 596 non
978 557 1161 609 possunt
1198 551 1363 594 habere
1395 567 1469 608 pe·
1558 528 1691 553 Ofbhss'

113 627 335 683 5ryodum
360 626 487 668 nobis
510 624 771 674 sensibilem,
796 624 877 666 nisi
898 629 947 665 ut
967 622 1208 665 inexistunt
1237 622 1330 664 toti.
1362 622 1470 663 Ideo

150 697 352 738 dicuntur
385 711 480 738 esse
511 710 593 752 per
636 695 946 737 reduccionem
980 693 1175 735 eiusdem
1208 691 1369 748 speciei
1401 690 1473 733 vel

148 766 334 822 generis,
368 766 490 807 cuius
516 772 581 807 est
615 763 787 819 animal,
811 764 928 820 quod
961 768 1243 819 componunt.
1275 762 1334 803 Et
1365 762 1474 803 sicut

148 835 222 878 illa
253 836 487 878 intrinsece
533 835 788 876 ordinantur
819 833 1007 875 finaliter
1040 833 1095 874 ad
1139 832 1377 888 hominem,
1411 832 1473 873 sic

152 906 296 948 omnia
337 906 473 947 mixta
517 911 559 947 et
604 905 745 947 bestie
794 910 892 946 sunt
936 903 992 945 ad
1031 903 1254 945 hominem
1286 901 1474 944 finaliter

94 990 136 1021 10
151 977 411 1018 intrinsecus
456 975 670 1029 ordinata,
709 988 791 1016 nec
831 973 957 1016 obest
993 973 1078 1029 isti7
1124 973 1243 1029 quod
1280 972 1475 1014 habeant

153 1046 324 1102 species
356 1044 578 1086 limitatas.

210 1114 464 1157 Notandum
494 1120 655 1169 tamen,
680 1113 801 1170 quod
824 1111 1020 1169 quelibet
1051 1127 1151 1168 pars
1186 1112 1475 1168 quantitativa
1528 1124 1630 1157 Every
1648 1127 1717 1156 part

152 1184 338 1227 hominis
390 1183 462 1227 vel
516 1182 695 1226 alterius
746 1182 932 1239 perfecti
985 1181 1183 1224 animalis
1230 1182 1474 1224 secundum
1514 1159 1546 1185 of
1561 1160 1744 1220 lnvffioligsa

152 1255 388 1309 racionem,
438 1269 524 1311 quo
572 1252 819 1295 membrum
868 1252 1068 1308 officiale,
1109 1252 1217 1294 dicit
1256 1250 1474 1309 duplicem
1543 1230 1714 1291 aissillffilll

99 1340 140 1371 15
154 1324 454 1367 habitudinem
488 1323 745 1366 accidentis.
806 1322 953 1364 Primo
989 1322 1094 1364 dicit
1124 1321 1387 1364 relacionem
1420 1321 1476 1363 ad

154 1401 301 1437 totam.
347 1394 478 1436 Unde
522 1394 566 1435 in
605 1394 946 1451 predicamentis
994 1391 1185 1448 capitulo
1221 1392 1275 1433 de
1310 1391 1473 1448 aliquid
1497 1405 1528 1437 a)
1548 1412 1580 1430 as
1601 1408 1669 1437 part
1689 1405 1757 1431 osa

155 1464 447 1521 philosophus
509 1463 637 1506 docet
692 1464 872 1519 fingere,
917 1463 952 1504 si
996 1462 1160 1519 aliquid
1220 1468 1285 1503 est
1330 1467 1474 1518 caput,
1580 1441 1680 1467 Wh⁰l⁹

155 1541 259 1576 tunc
303 1540 368 1576 est
409 1534 587 1591 capitati
629 1540 774 1590 caput,
819 1539 860 1575 et
901 1533 963 1574 sic
1016 1532 1070 1574 de
1122 1530 1379 1573 animalibus
1436 1536 1477 1572 et

157 1605 312 1647 ceteris
345 1604 518 1659 organis
552 1603 921 1661 quibuscumque.
983 1601 1188 1644 Secundo
1224 1601 1328 1643 dicit
1359 1600 1478 1642 habi·
1494 1616 1522 1647 z.)
1548 1624 1580 1642 as
1615 1616 1772 1646 receiving

101 1690 144 1721 ρο
157 1674 350 1716 tudinem
386 1674 440 1715 de
472 1688 633 1728 genere
672 1672 908 1729 qualitatis,
949 1678 996 1714 ut
1028 1678 1093 1714 est
1129 1672 1195 1715 vis
1227 1670 1392 1713 influxa
1424 1685 1480 1713 ex
1493 1652 1692 1712 ‘’wersgss‘ifn
1720 1651 1769 1676 me

161 1745 373 1799 regimine
405 1744 548 1786 anime
580 1742 849 1800 principalis.
915 1741 1042 1784 Unde
1075 1745 1117 1781 2⁰
1150 1742 1204 1783 de
1237 1741 1380 1783 anima
1413 1746 1479 1783 ea⁰

160 1817 200 1852 2⁰
237 1814 342 1856 dicit
374 1813 676 1870 philosophUS,
710 1813 827 1870 quod
868 1812 1017 1854 oculus
1058 1811 1288 1853 deficiente
1321 1812 1480 1853 virtute

347 1909 397 1940 17.
414 1907 465 1939 Cf.
484 1906 682 1939 Aristotelis
702 1906 863 1948 Categor.
879 1906 909 1937 V
928 1905 1018 1949 [VII]
1040 1907 1079 1938 10
1100 1905 1163 1946 (ed.
1180 1905 1285 1937 Paris
1302 1904 1326 1935 I
1338 1906 1392 1944 10,
1409 1905 1479 1945 32).

254 1961 334 1999 οἷον
357 1963 379 2008 ἣ
398 1963 536 2008 κεφαλὴ
555 1962 783 2008 οἰκειοτέρως
803 1962 848 1996 ἂν
871 1962 1075 2006 ἀποδοθείη
1099 1963 1325 2005 κεφαλωτοϋ,
1346 1958 1368 2004 ἢ
1385 1961 1480 2002 ζώου

254 2023 511 2067 ἀποδιδομένη.
587 2027 642 2056 21.
655 2024 745 2056 Loco
755 2029 1009 2056 commemorato
1024 2022 1150 2055 cumde
1159 2022 1327 2054 sententia
1342 2022 1481 2062 ascrip-

255 2089 323 2116 tore
342 2083 544 2126 &iynificata
568 2082 657 2114 nihil
675 2088 813 2126 afflatur,
840 2082 1040 2123 confudisse
1064 2081 1202 2113 videbam·
1235 2079 1361 2120 Wiclif
1378 2079 1482 2111 libros

254 2142 296 2174 de
311 2143 429 2174 anima
446 2153 521 2173 cum
535 2141 632 2173 libo-is
647 2141 689 2173 de
704 2141 908 2173 animalium
924 2141 1151 2183 generatione
1167 2150 1312 2180 quorum
1326 2138 1362 2169 ιή
1376 2137 1482 2170 allero

257 2212 334 2241 cap.
361 2201 385 2233 I
409 2199 477 2240 fin.
504 2198 700 2232 Aristoteli-5⁸
727 2199 832 2231 verba
856 2201 907 2231 ica
937 2203 1139 2230 vertuntur:
1163 2207 1224 2229 nec
1249 2197 1339 2228 enim
1363 2197 1482 2227 anima

256 2259 330 2291 ulla
364 2269 434 2291 esse
468 2263 578 2300 potest
608 2259 646 2290 in
678 2258 758 2298 alio,
794 2259 865 2289 nisi
898 2259 934 2288 in
961 2268 1007 2297 eo,
1043 2257 1140 2288 cuins
1165 2259 1222 2296 est,
1258 2265 1366 2296 neque
1390 2265 1483 2296 pars

257 2318 329 2349 ιιῑῖα
355 2327 425 2349 esse
444 2321 568 2359 potest,
595 2316 685 2358 quod
698 2317 879 2358 particeps
901 2317 1038 2348 animae
1055 2325 1125 2346 non
1148 2318 1206 2353 est,
1231 2314 1321 2345 nisi
1346 2314 1483 2354 aequi-

255 2386 373 2416 voce,
400 2380 444 2408 ut
468 2376 630 2408 mortui
654 2375 817 2407 oculus.

212 2472 241 2502 1.
268 2471 359 2502 sicut
378 2480 447 2511 pro
465 2468 659 2500 secundum
676 2468 734 2508 Pr,
768 2466 1006 2499 beatificabile
1031 2465 1087 2498 vel
1113 2466 1163 2497 sic
1187 2464 1250 2497 sed
1267 2464 1484 2496 racionabile

165 2528 358 2561 secundum
384 2527 699 2570 partieipacionem
723 2529 757 2558 et
773 2536 842 2557 non
870 2525 1047 2557 hominem
1067 2523 1104 2555 C.
1166 2526 1197 2556 2.
1216 2522 1430 2555 racionalem
1444 2522 1484 2554 A.

165 2590 196 2619 3.
222 2591 374 2619 tractare
404 2586 433 2618 B
450 2585 476 2617 O
490 2585 548 2617 Pr.
656 2586 688 2617 4.
718 2574 787 2626 {Po
815 2584 892 2625 (sic)
909 2594 970 2625 pro
991 2593 1059 2625 quo
1080 2582 1117 2614 C.
1213 2581 1346 2613 habere
1364 2593 1424 2613 om.
1444 2582 1484 2613 A.

164 2646 196 2676 5.
222 2645 292 2676 nisi
307 2645 477 2676 inexistat
494 2643 535 2675 A.
609 2645 640 2677 6.
660 2643 782 2675 dicunt
800 2643 838 2674 A.
913 2643 943 2674 7.
963 2651 1031 2683 que
1048 2641 1090 2673 B.
1163 2642 1193 2672 8.
1213 2640 1426 2671 intrinsecus
1443 2638 1485 2679 B,

165 2703 313 2735 indubie
338 2703 394 2735 Pr.
493 2701 686 2735 ordinantis
712 2701 752 2733 B.
854 2702 908 2733 10.
935 2699 1095 2731 ordinate
1122 2698 1149 2729 B
1165 2697 1305 2730 CPPr.
1402 2697 1486 2739 quin

165 2762 193 2793 B
210 2761 346 2793 CPPr.
470 2762 523 2793 11.
550 2760 670 2792 linitos
693 2759 750 2791 Pr.
871 2760 924 2791 18.
955 2757 1062 2799 capiti
1081 2756 1120 2798 C,
1146 2756 1270 2798 capitis
1308 2755 1403 2796 capit
1427 2754 1485 2786 Pr.

167 2819 245 2851 aliis
278 2830 348 2861 pro
379 2818 592 2851 animalibus
617 2818 674 2850 Pr.
702 2817 888 2850 animabus
913 2816 953 2848 A.
1097 2816 1151 2847 19.
1184 2817 1218 2846 et
1250 2813 1420 2846 deceteris
1449 2811 1487 2844 C.

166 2879 221 2910 20.
246 2878 299 2909 vis
319 2888 381 2909 om.
407 2877 447 2908 B.
520 2878 574 2908 21.
600 2879 639 2908 ut
664 2875 745 2908 CB.
