<?xml version="1.0" encoding="UTF-8"?>
<!DOCTYPE html PUBLIC "-//W3C//DTD XHTML 1.0 Transitional//EN"
    "http://www.w3.org/TR/xhtml1/DTD/xhtml1-transitional.dtd">
<html xmlns="http://www.w3.org/1999/xhtml" xml:lang="en" lang="en">
 <head>
  <title>
</title>
<meta http-equiv="Content-Type" content="text/html;charset=utf-8" />
  <meta name='ocr-system' content='tesseract 3.04.00' />
  <meta name='ocr-capabilities' content='ocr_page ocr_carea ocr_par ocr_line ocrx_word'/>
</head>
<body>
  <div class='ocr_page' id='page_1' title='image "./decompositioneho00wycl_0100.png"; bbox 0 0 2035 3359; ppageno 0'>
   <div class='ocr_carea' id='block_1_1' title="bbox 232 169 1846 226">
    <p class='ocr_par' dir='ltr' id='par_1_1' title="bbox 232 169 1846 226">
     <span class='ocr_line' id='line_1_1' title="bbox 232 169 1846 226; baseline 0 -15"><span class='ocrx_word' id='word_1_1' title='bbox 232 172 284 207; x_wconf 85' lang='lat'>74</span> <span class='ocrx_word' id='word_1_2' title='bbox 949 178 1186 212; x_wconf 77' lang='lat' dir='ltr'><strong>JOHANNIS</strong></span> <span class='ocrx_word' id='word_1_3' title='bbox 1213 179 1399 212; x_wconf 71' lang='lat' dir='ltr'>wicfflF.</span> <span class='ocrx_word' id='word_1_4' title='bbox 1668 169 1768 226; x_wconf 72' lang='lat' dir='ltr'>[CAP.</span> <span class='ocrx_word' id='word_1_5' title='bbox 1795 181 1846 207; x_wconf 92' lang='lat' dir='ltr'>1v.</span> 
     </span>
    </p>
   </div>
   <div class='ocr_carea' id='block_1_2' title="bbox 230 285 2007 1264">
    <p class='ocr_par' dir='ltr' id='par_1_2' title="bbox 520 285 1890 625">
     <span class='ocr_line' id='line_1_2' title="bbox 524 285 1853 343; baseline 0.003 -17"><span class='ocrx_word' id='word_1_6' title='bbox 524 292 669 328; x_wconf 86' lang='lat' dir='ltr'>essent</span> <span class='ocrx_word' id='word_1_7' title='bbox 713 299 793 342; x_wconf 87' lang='lat' dir='ltr'>per</span> <span class='ocrx_word' id='word_1_8' title='bbox 837 299 883 326; x_wconf 82' lang='lat' dir='ltr'>se</span> <span class='ocrx_word' id='word_1_9' title='bbox 930 291 973 326; x_wconf 88' lang='lat' dir='ltr'>et</span> <span class='ocrx_word' id='word_1_10' title='bbox 1017 300 1104 328; x_wconf 91' lang='lat' dir='ltr'>non</span> <span class='ocrx_word' id='word_1_11' title='bbox 1151 285 1460 343; x_wconf 81' lang='lat' dir='ltr'>participative</span> <span class='ocrx_word' id='word_1_12' title='bbox 1505 286 1576 342; x_wconf 88' lang='lat' dir='ltr'>dii,</span> <span class='ocrx_word' id='word_1_13' title='bbox 1623 286 1740 343; x_wconf 90' lang='lat' dir='ltr'>quod</span> <span class='ocrx_word' id='word_1_14' title='bbox 1787 293 1853 330; x_wconf 81' lang='lat' dir='ltr'>est</span> 
     </span>
     <span class='ocr_line' id='line_1_3' title="bbox 523 355 1852 414; baseline 0.002 -16"><span class='ocrx_word' id='word_1_15' title='bbox 523 355 813 413; x_wconf 77' lang='lat' dir='ltr'>impossibile,</span> <span class='ocrx_word' id='word_1_16' title='bbox 862 371 960 397; x_wconf 89' lang='lat' dir='ltr'>cum</span> <span class='ocrx_word' id='word_1_17' title='bbox 1007 355 1148 398; x_wconf 84' lang='lat' dir='ltr'>solum</span> <span class='ocrx_word' id='word_1_18' title='bbox 1194 372 1304 399; x_wconf 89' lang='lat' dir='ltr'>unus</span> <span class='ocrx_word' id='word_1_19' title='bbox 1349 357 1510 414; x_wconf 89' lang='lat' dir='ltr'>poterit</span> <span class='ocrx_word' id='word_1_20' title='bbox 1566 356 1712 399; x_wconf 88' lang='lat' dir='ltr'>taliter</span> <span class='ocrx_word' id='word_1_21' title='bbox 1757 374 1852 401; x_wconf 87' lang='lat' dir='ltr'>esse</span> 
     </span>
     <span class='ocr_line' id='line_1_4' title="bbox 524 426 1853 484; baseline 0.002 -15"><span class='ocrx_word' id='word_1_22' title='bbox 524 428 646 483; x_wconf 87' lang='lat' dir='ltr'>deus,</span> <span class='ocrx_word' id='word_1_23' title='bbox 671 427 746 468; x_wconf 86' lang='lat' dir='ltr'>sed</span> <span class='ocrx_word' id='word_1_24' title='bbox 775 427 887 468; x_wconf 83' lang='lat' dir='ltr'>sicut</span> <span class='ocrx_word' id='word_1_25' title='bbox 921 426 1184 483; x_wconf 85' lang='lat' dir='ltr'>corpuscula</span> <span class='ocrx_word' id='word_1_26' title='bbox 1207 428 1368 470; x_wconf 88' lang='lat' dir='ltr'>virtute</span> <span class='ocrx_word' id='word_1_27' title='bbox 1393 428 1550 484; x_wconf 87' lang='lat' dir='ltr'>anime,</span> <span class='ocrx_word' id='word_1_28' title='bbox 1572 429 1633 470; x_wconf 86' lang='lat' dir='ltr'>sic</span> <span class='ocrx_word' id='word_1_29' title='bbox 1654 428 1853 471; x_wconf 84' lang='lat' dir='ltr'>homines</span> 
     </span>
     <span class='ocr_line' id='line_1_5' title="bbox 520 497 1850 555; baseline 0.002 -16"><span class='ocrx_word' id='word_1_30' title='bbox 520 499 796 555; x_wconf 85' lang='lat' dir='ltr'>participant,</span> <span class='ocrx_word' id='word_1_31' title='bbox 850 497 1011 540; x_wconf 87' lang='lat' dir='ltr'>virtute</span> <span class='ocrx_word' id='word_1_32' title='bbox 1065 498 1147 547; x_wconf 81' lang='lat' dir='ltr'>dei,</span> <span class='ocrx_word' id='word_1_33' title='bbox 1214 499 1288 554; x_wconf 90' lang='lat' dir='ltr'>qui</span> <span class='ocrx_word' id='word_1_34' title='bbox 1341 504 1407 540; x_wconf 86' lang='lat' dir='ltr'>est</span> <span class='ocrx_word' id='word_1_35' title='bbox 1458 498 1599 541; x_wconf 87' lang='lat' dir='ltr'>forma</span> <span class='ocrx_word' id='word_1_36' title='bbox 1652 499 1850 542; x_wconf 89' lang='lat' dir='ltr'>omnium</span> 
     </span>
     <span class='ocr_line' id='line_1_6' title="bbox 523 568 1890 625; baseline -0.001 -15"><span class='ocrx_word' id='word_1_37' title='bbox 523 568 801 625; x_wconf 79' lang='lat' dir='ltr'>exemplaris.</span> <span class='ocrx_word' id='word_1_38' title='bbox 1868 582 1890 616; x_wconf 81' lang='lat'>5</span> 
     </span>
    </p>

    <p class='ocr_par' dir='ltr' id='par_1_3' title="bbox 230 639 1851 696">
     <span class='ocr_line' id='line_1_7' title="bbox 230 639 1851 696; baseline -0.003 -10"><span class='ocrx_word' id='word_1_39' title='bbox 230 661 295 685; x_wconf 69' lang='lat' dir='ltr'>&#39;rue</span> <span class='ocrx_word' id='word_1_40' title='bbox 310 660 386 693; x_wconf 72' lang='lat' dir='ltr'>body</span> <span class='ocrx_word' id='word_1_41' title='bbox 404 660 468 685; x_wconf 82' lang='lat' dir='ltr'>that</span> <span class='ocrx_word' id='word_1_42' title='bbox 482 660 506 685; x_wconf 82' lang='lat' dir='ltr'>is</span> <span class='ocrx_word' id='word_1_43' title='bbox 582 641 651 681; x_wconf 77' lang='lat' dir='ltr'>Ex</span> <span class='ocrx_word' id='word_1_44' title='bbox 683 639 777 681; x_wconf 85' lang='lat' dir='ltr'>istis</span> <span class='ocrx_word' id='word_1_45' title='bbox 812 644 947 695; x_wconf 85' lang='lat' dir='ltr'>patet,</span> <span class='ocrx_word' id='word_1_46' title='bbox 995 639 1113 696; x_wconf 88' lang='lat' dir='ltr'>quod</span> <span class='ocrx_word' id='word_1_47' title='bbox 1148 654 1305 696; x_wconf 89' lang='lat' dir='ltr'>corpus</span> <span class='ocrx_word' id='word_1_48' title='bbox 1339 639 1597 696; x_wconf 87' lang='lat' dir='ltr'>simpliciter</span> <span class='ocrx_word' id='word_1_49' title='bbox 1629 645 1851 683; x_wconf 88' lang='lat' dir='ltr'>mortuum</span> 
     </span>
    </p>

    <p class='ocr_par' dir='ltr' id='par_1_4' title="bbox 240 695 2007 1192">
     <span class='ocr_line' id='line_1_8' title="bbox 240 695 1853 768; baseline -0.002 -11"><span class='ocrx_word' id='word_1_50' title='bbox 240 695 495 764; x_wconf 52' lang='lat' dir='ltr'>lfiz‘iii‘iissfflvlssi}</span> <span class='ocrx_word' id='word_1_51' title='bbox 520 710 599 752; x_wconf 88' lang='lat' dir='ltr'>fuit</span> <span class='ocrx_word' id='word_1_52' title='bbox 632 725 733 766; x_wconf 83' lang='lat' dir='ltr'>pars</span> <span class='ocrx_word' id='word_1_53' title='bbox 758 708 1017 766; x_wconf 84' lang='lat' dir='ltr'>qualitativa</span> <span class='ocrx_word' id='word_1_54' title='bbox 1039 709 1241 763; x_wconf 86' lang='lat' dir='ltr'>hominis,</span> <span class='ocrx_word' id='word_1_55' title='bbox 1268 716 1310 752; x_wconf 89' lang='lat' dir='ltr'>et</span> <span class='ocrx_word' id='word_1_56' title='bbox 1334 716 1438 753; x_wconf 90' lang='lat' dir='ltr'>tunc</span> <span class='ocrx_word' id='word_1_57' title='bbox 1470 711 1620 753; x_wconf 88' lang='lat' dir='ltr'>vivum</span> <span class='ocrx_word' id='word_1_58' title='bbox 1652 726 1741 753; x_wconf 92' lang='lat' dir='ltr'>non</span> <span class='ocrx_word' id='word_1_59' title='bbox 1772 726 1853 768; x_wconf 89' lang='lat' dir='ltr'>per</span> 
     </span>
     <span class='ocr_line' id='line_1_9' title="bbox 522 780 1954 839; baseline 0 -15"><span class='ocrx_word' id='word_1_60' title='bbox 522 797 567 824; x_wconf 81' lang='lat' dir='ltr'>se</span> <span class='ocrx_word' id='word_1_61' title='bbox 601 781 654 823; x_wconf 88' lang='lat' dir='ltr'>ab</span> <span class='ocrx_word' id='word_1_62' title='bbox 688 780 935 834; x_wconf 88' lang='lat' dir='ltr'>intrinseco,</span> <span class='ocrx_word' id='word_1_63' title='bbox 970 780 1049 822; x_wconf 82' lang='lat' dir='ltr'>sed</span> <span class='ocrx_word' id='word_1_64' title='bbox 1083 781 1388 838; x_wconf 76' lang='lat' dir='ltr'>participative</span> <span class='ocrx_word' id='word_1_65' title='bbox 1422 787 1464 823; x_wconf 87' lang='lat' dir='ltr'>et</span> <span class='ocrx_word' id='word_1_66' title='bbox 1496 782 1600 824; x_wconf 87' lang='lat' dir='ltr'>satis</span> <span class='ocrx_word' id='word_1_67' title='bbox 1634 797 1712 839; x_wconf 87' lang='lat' dir='ltr'>per</span> <span class='ocrx_word' id='word_1_68' title='bbox 1744 783 1853 825; x_wconf 82' lang='lat' dir='ltr'>acci·</span> <span class='ocrx_word' id='word_1_69' title='bbox 1919 796 1954 829; x_wconf 83' lang='lat' dir='ltr'><strong>A</strong></span> 
     </span>
     <span class='ocr_line' id='line_1_10' title="bbox 523 851 2007 909; baseline 0.002 -16"><span class='ocrx_word' id='word_1_70' title='bbox 523 851 650 893; x_wconf 89' lang='lat' dir='ltr'>dens:</span> <span class='ocrx_word' id='word_1_71' title='bbox 693 851 697 907; x_wconf 68' lang='grc' dir='ltr'>ἰ</span> <span class='ocrx_word' id='word_1_72' title='bbox 738 866 820 894; x_wconf 91' lang='lat' dir='ltr'>nec</span> <span class='ocrx_word' id='word_1_73' title='bbox 851 851 978 894; x_wconf 87' lang='lat' dir='ltr'>obest</span> <span class='ocrx_word' id='word_1_74' title='bbox 1002 851 1193 893; x_wconf 84' lang='lat' dir='ltr'>cadaver</span> <span class='ocrx_word' id='word_1_75' title='bbox 1224 853 1286 893; x_wconf 84' lang='lat' dir='ltr'>sic</span> <span class='ocrx_word' id='word_1_76' title='bbox 1320 851 1505 894; x_wconf 90' lang='lat' dir='ltr'>colorari</span> <span class='ocrx_word' id='word_1_77' title='bbox 1533 853 1755 909; x_wconf 82' lang='lat' dir='ltr'>exspirato</span> <span class='ocrx_word' id='word_1_78' title='bbox 1779 853 1854 896; x_wconf 89' lang='lat' dir='ltr'>hu-</span> <span class='ocrx_word' id='word_1_79' title='bbox 1868 853 1928 887; x_wconf 86' lang='lat' dir='ltr'>fol.</span> <span class='ocrx_word' id='word_1_80' title='bbox 1947 855 2007 887; x_wconf 70' lang='lat'>51³¹</span> 
     </span>
     <span class='ocr_line' id='line_1_11' title="bbox 522 922 1914 981; baseline 0.002 -16"><span class='ocrx_word' id='word_1_81' title='bbox 522 937 644 965; x_wconf 88' lang='lat' dir='ltr'>more</span> <span class='ocrx_word' id='word_1_82' title='bbox 667 938 811 977; x_wconf 89' lang='lat' dir='ltr'>aereo,</span> <span class='ocrx_word' id='word_1_83' title='bbox 837 923 955 979; x_wconf 87' lang='lat' dir='ltr'>quod</span> <span class='ocrx_word' id='word_1_84' title='bbox 978 937 1063 964; x_wconf 91' lang='lat' dir='ltr'>non</span> <span class='ocrx_word' id='word_1_85' title='bbox 1088 922 1171 964; x_wconf 86' lang='lat' dir='ltr'>alia</span> <span class='ocrx_word' id='word_1_86' title='bbox 1192 922 1334 965; x_wconf 89' lang='lat' dir='ltr'>forma</span> <span class='ocrx_word' id='word_1_87' title='bbox 1358 923 1644 981; x_wconf 86' lang='lat' dir='ltr'>superaddita</span> <span class='ocrx_word' id='word_1_88' title='bbox 1658 923 1854 980; x_wconf 87' lang='lat' dir='ltr'>resultet,</span> <span class='ocrx_word' id='word_1_89' title='bbox 1871 938 1914 969; x_wconf 88' lang='lat'>10</span> 
     </span>
     <span class='ocr_line' id='line_1_12' title="bbox 525 993 1854 1050; baseline 0.002 -15"><span class='ocrx_word' id='word_1_90' title='bbox 525 1008 654 1050; x_wconf 86' lang='lat' dir='ltr'>quam</span> <span class='ocrx_word' id='word_1_91' title='bbox 704 993 876 1050; x_wconf 77' lang='lat' dir='ltr'>prefuit.</span> <span class='ocrx_word' id='word_1_92' title='bbox 950 993 1009 1035; x_wconf 89' lang='lat' dir='ltr'>Et</span> <span class='ocrx_word' id='word_1_93' title='bbox 1053 999 1139 1035; x_wconf 82' lang='lat' dir='ltr'>stat</span> <span class='ocrx_word' id='word_1_94' title='bbox 1186 1000 1332 1050; x_wconf 81' lang='lat' dir='ltr'>partes</span> <span class='ocrx_word' id='word_1_95' title='bbox 1377 993 1524 1037; x_wconf 87' lang='lat' dir='ltr'>taliter</span> <span class='ocrx_word' id='word_1_96' title='bbox 1569 995 1854 1050; x_wconf 78' lang='lat' dir='ltr'>commisceri,</span> 
     </span>
     <span class='ocr_line' id='line_1_13' title="bbox 525 1064 1855 1123; baseline 0.002 -18"><span class='ocrx_word' id='word_1_97' title='bbox 525 1064 642 1120; x_wconf 86' lang='lat' dir='ltr'>quod</span> <span class='ocrx_word' id='word_1_98' title='bbox 675 1064 816 1107; x_wconf 86' lang='lat' dir='ltr'>forma</span> <span class='ocrx_word' id='word_1_99' title='bbox 847 1079 962 1108; x_wconf 87' lang='lat' dir='ltr'>nova</span> <span class='ocrx_word' id='word_1_100' title='bbox 1006 1064 1293 1122; x_wconf 84' lang='lat' dir='ltr'>superaddita</span> <span class='ocrx_word' id='word_1_101' title='bbox 1338 1064 1536 1122; x_wconf 86' lang='lat' dir='ltr'>resultat,</span> <span class='ocrx_word' id='word_1_102' title='bbox 1571 1071 1614 1107; x_wconf 90' lang='lat' dir='ltr'>et</span> <span class='ocrx_word' id='word_1_103' title='bbox 1644 1081 1725 1123; x_wconf 90' lang='lat' dir='ltr'>per</span> <span class='ocrx_word' id='word_1_104' title='bbox 1758 1080 1855 1108; x_wconf 91' lang='lat' dir='ltr'>con-</span> 
     </span>
     <span class='ocr_line' id='line_1_14' title="bbox 525 1136 1665 1192; baseline 0 -15"><span class='ocrx_word' id='word_1_105' title='bbox 525 1150 712 1191; x_wconf 85' lang='lat' dir='ltr'>sequens</span> <span class='ocrx_word' id='word_1_106' title='bbox 747 1136 863 1192; x_wconf 87' lang='lat' dir='ltr'>quod</span> <span class='ocrx_word' id='word_1_107' title='bbox 896 1151 1060 1178; x_wconf 90' lang='lat' dir='ltr'>novum</span> <span class='ocrx_word' id='word_1_108' title='bbox 1094 1136 1382 1192; x_wconf 84' lang='lat' dir='ltr'>compositum</span> <span class='ocrx_word' id='word_1_109' title='bbox 1417 1142 1665 1192; x_wconf 86' lang='lat' dir='ltr'>generetur.</span> 
     </span>
    </p>

    <p class='ocr_par' dir='ltr' id='par_1_5' title="bbox 248 1204 1857 1264">
     <span class='ocr_line' id='line_1_15' title="bbox 248 1204 1857 1264; baseline 0 -16"><span class='ocrx_word' id='word_1_110' title='bbox 248 1212 492 1239; x_wconf 72' lang='lat' dir='ltr'>&#39;l&#39;husdifferent</span> <span class='ocrx_word' id='word_1_111' title='bbox 581 1206 639 1248; x_wconf 91' lang='lat' dir='ltr'>Et</span> <span class='ocrx_word' id='word_1_112' title='bbox 684 1207 719 1248; x_wconf 89' lang='lat' dir='ltr'>si</span> <span class='ocrx_word' id='word_1_113' title='bbox 762 1206 897 1248; x_wconf 86' lang='lat' dir='ltr'>tercio</span> <span class='ocrx_word' id='word_1_114' title='bbox 944 1204 1131 1248; x_wconf 88' lang='lat' dir='ltr'>obicitur</span> <span class='ocrx_word' id='word_1_115' title='bbox 1186 1207 1240 1248; x_wconf 87' lang='lat' dir='ltr'>de</span> <span class='ocrx_word' id='word_1_116' title='bbox 1284 1206 1519 1264; x_wconf 83' lang='lat' dir='ltr'>Wilvarby</span> <span class='ocrx_word' id='word_1_117' title='bbox 1579 1213 1621 1249; x_wconf 92' lang='lat' dir='ltr'>et</span> <span class='ocrx_word' id='word_1_118' title='bbox 1666 1206 1857 1249; x_wconf 89' lang='lat' dir='ltr'>Pechani</span> 
     </span>
    </p>
   </div>
   <div class='ocr_carea' id='block_1_3' title="bbox 246 1252 1914 1335">
    <p class='ocr_par' dir='ltr' id='par_1_6' title="bbox 246 1252 1914 1335">
     <span class='ocr_line' id='line_1_16' title="bbox 246 1252 1914 1335; baseline 0.003 -18"><span class='ocrx_word' id='word_1_119' title='bbox 246 1252 489 1317; x_wconf 46' lang='lat' dir='ltr'>llissnffnniiyagutg</span> <span class='ocrx_word' id='word_1_120' title='bbox 524 1276 898 1331; x_wconf 84' lang='lat' dir='ltr'>Canturiensibus,</span> <span class='ocrx_word' id='word_1_121' title='bbox 946 1292 1133 1333; x_wconf 87' lang='lat' dir='ltr'>quorum</span> <span class='ocrx_word' id='word_1_122' title='bbox 1180 1277 1347 1334; x_wconf 89' lang='lat' dir='ltr'>primus</span> <span class='ocrx_word' id='word_1_123' title='bbox 1394 1277 1651 1335; x_wconf 85' lang='lat' dir='ltr'>dampnavit</span> <span class='ocrx_word' id='word_1_124' title='bbox 1684 1276 1914 1324; x_wconf 82' lang='lat' dir='ltr'>Oxonie15</span> 
     </span>
    </p>
   </div>
   <div class='ocr_carea' id='block_1_4' title="bbox 236 1320 1916 1973">
    <p class='ocr_par' dir='ltr' id='par_1_7' title="bbox 236 1320 1855 1416">
     <span class='ocr_line' id='line_1_17' title="bbox 236 1320 1855 1416; baseline 0.001 -27"><span class='ocrx_word' id='word_1_125' title='bbox 236 1320 507 1416; x_wconf 39' lang='grc' dir='ltr'>ῑῖἶξζὶξῗῖἓέῗθ</span> <span class='ocrx_word' id='word_1_126' title='bbox 524 1349 788 1405; x_wconf 71' lang='lat' dir='ltr'>opinionem,</span> <span class='ocrx_word' id='word_1_127' title='bbox 823 1364 908 1405; x_wconf 88' lang='lat' dir='ltr'>que</span> <span class='ocrx_word' id='word_1_128' title='bbox 943 1349 1066 1404; x_wconf 89' lang='lat' dir='ltr'>ponit</span> <span class='ocrx_word' id='word_1_129' title='bbox 1098 1347 1247 1405; x_wconf 89' lang='lat' dir='ltr'>plures</span> <span class='ocrx_word' id='word_1_130' title='bbox 1281 1349 1447 1391; x_wconf 86' lang='lat' dir='ltr'>animas</span> <span class='ocrx_word' id='word_1_131' title='bbox 1491 1350 1535 1391; x_wconf 88' lang='lat' dir='ltr'>in</span> <span class='ocrx_word' id='word_1_132' title='bbox 1566 1349 1757 1404; x_wconf 88' lang='lat' dir='ltr'>homine,</span> <span class='ocrx_word' id='word_1_133' title='bbox 1791 1364 1855 1391; x_wconf 86' lang='lat' dir='ltr'>se-</span> 
     </span>
    </p>

    <p class='ocr_par' dir='ltr' id='par_1_8' title="bbox 349 1399 1856 1478">
     <span class='ocr_line' id='line_1_18' title="bbox 349 1399 1856 1478; baseline 0.001 -18"><span class='ocrx_word' id='word_1_134' title='bbox 349 1399 385 1416; x_wconf 62' lang='lat' dir='ltr'><strong>m</strong></span> <span class='ocrx_word' id='word_1_135' title='bbox 453 1410 459 1417; x_wconf 61' lang='grc'><strong><em>’</em></strong></span> <span class='ocrx_word' id='word_1_136' title='bbox 525 1420 692 1461; x_wconf 85' lang='lat' dir='ltr'>cundus</span> <span class='ocrx_word' id='word_1_137' title='bbox 715 1435 819 1462; x_wconf 91' lang='lat' dir='ltr'>vero</span> <span class='ocrx_word' id='word_1_138' title='bbox 838 1420 1104 1477; x_wconf 73' lang='lat' dir='ltr'>dampnavit,</span> <span class='ocrx_word' id='word_1_139' title='bbox 1128 1426 1176 1462; x_wconf 86' lang='lat' dir='ltr'>ut</span> <span class='ocrx_word' id='word_1_140' title='bbox 1192 1420 1377 1469; x_wconf 88' lang='lat' dir='ltr'>videtur,</span> <span class='ocrx_word' id='word_1_141' title='bbox 1405 1421 1666 1478; x_wconf 89' lang='lat' dir='ltr'>oppositum,</span> <span class='ocrx_word' id='word_1_142' title='bbox 1693 1420 1856 1474; x_wconf 88' lang='lat' dir='ltr'>dicens,</span> 
     </span>
    </p>

    <p class='ocr_par' dir='ltr' id='par_1_9' title="bbox 527 1490 1856 1546">
     <span class='ocr_line' id='line_1_19' title="bbox 527 1490 1856 1546; baseline 0.002 -15"><span class='ocrx_word' id='word_1_143' title='bbox 527 1490 645 1546; x_wconf 84' lang='lat' dir='ltr'>quod</span> <span class='ocrx_word' id='word_1_144' title='bbox 692 1491 944 1545; x_wconf 80' lang='lat' dir='ltr'>vegetativa</span> <span class='ocrx_word' id='word_1_145' title='bbox 988 1490 1176 1533; x_wconf 84' lang='lat' dir='ltr'>hominis</span> <span class='ocrx_word' id='word_1_146' title='bbox 1224 1497 1289 1533; x_wconf 86' lang='lat' dir='ltr'>est</span> <span class='ocrx_word' id='word_1_147' title='bbox 1346 1491 1430 1533; x_wconf 86' lang='lat' dir='ltr'>alia</span> <span class='ocrx_word' id='word_1_148' title='bbox 1475 1491 1529 1534; x_wconf 86' lang='lat' dir='ltr'>ab</span> <span class='ocrx_word' id='word_1_149' title='bbox 1575 1491 1856 1546; x_wconf 76' lang='lat' dir='ltr'>intellectiva,</span> 
     </span>
    </p>

    <p class='ocr_par' dir='ltr' id='par_1_10' title="bbox 528 1561 1916 1689">
     <span class='ocr_line' id='line_1_20' title="bbox 528 1561 1859 1620; baseline 0.001 -17"><span class='ocrx_word' id='word_1_150' title='bbox 528 1561 697 1615; x_wconf 89' lang='lat' dir='ltr'>dicitur,</span> <span class='ocrx_word' id='word_1_151' title='bbox 745 1561 860 1618; x_wconf 82' lang='lat' dir='ltr'>quod</span> <span class='ocrx_word' id='word_1_152' title='bbox 895 1576 953 1603; x_wconf 80' lang='lat' dir='ltr'>ex</span> <span class='ocrx_word' id='word_1_153' title='bbox 985 1561 1111 1603; x_wconf 85' lang='lat' dir='ltr'>dictis</span> <span class='ocrx_word' id='word_1_154' title='bbox 1156 1562 1343 1618; x_wconf 85' lang='lat' dir='ltr'>predicti</span> <span class='ocrx_word' id='word_1_155' title='bbox 1390 1563 1589 1605; x_wconf 86' lang='lat' dir='ltr'>doctores</span> <span class='ocrx_word' id='word_1_156' title='bbox 1621 1569 1859 1620; x_wconf 85' lang='lat' dir='ltr'>potuerunt</span> 
     </span>
     <span class='ocr_line' id='line_1_21' title="bbox 528 1631 1916 1689; baseline 0.003 -16"><span class='ocrx_word' id='word_1_157' title='bbox 528 1632 801 1674; x_wconf 86' lang='lat' dir='ltr'>concordari.</span> <span class='ocrx_word' id='word_1_158' title='bbox 864 1631 1038 1674; x_wconf 82' lang='lat' dir='ltr'>Primus</span> <span class='ocrx_word' id='word_1_159' title='bbox 1093 1633 1270 1688; x_wconf 88' lang='lat' dir='ltr'>quidem</span> <span class='ocrx_word' id='word_1_160' title='bbox 1324 1632 1551 1689; x_wconf 85' lang='lat' dir='ltr'>intellegit,</span> <span class='ocrx_word' id='word_1_161' title='bbox 1583 1639 1632 1675; x_wconf 91' lang='lat' dir='ltr'>ut</span> <span class='ocrx_word' id='word_1_162' title='bbox 1684 1639 1857 1675; x_wconf 83' lang='lat' dir='ltr'>sanctus</span> <span class='ocrx_word' id='word_1_163' title='bbox 1874 1647 1916 1678; x_wconf 81' lang='lat'>20</span> 
     </span>
    </p>

    <p class='ocr_par' dir='ltr' id='par_1_11' title="bbox 527 1702 1858 1759">
     <span class='ocr_line' id='line_1_22' title="bbox 527 1702 1858 1759; baseline 0.001 -15"><span class='ocrx_word' id='word_1_164' title='bbox 527 1702 733 1755; x_wconf 84' lang='lat' dir='ltr'>Thomas,</span> <span class='ocrx_word' id='word_1_165' title='bbox 786 1702 905 1759; x_wconf 88' lang='lat' dir='ltr'>quod</span> <span class='ocrx_word' id='word_1_166' title='bbox 952 1718 1039 1745; x_wconf 89' lang='lat' dir='ltr'>non</span> <span class='ocrx_word' id='word_1_167' title='bbox 1087 1709 1186 1745; x_wconf 88' lang='lat' dir='ltr'>sunt</span> <span class='ocrx_word' id='word_1_168' title='bbox 1222 1702 1360 1746; x_wconf 89' lang='lat' dir='ltr'>multe</span> <span class='ocrx_word' id='word_1_169' title='bbox 1405 1703 1547 1745; x_wconf 87' lang='lat' dir='ltr'>anime</span> <span class='ocrx_word' id='word_1_170' title='bbox 1592 1704 1635 1745; x_wconf 91' lang='lat' dir='ltr'>in</span> <span class='ocrx_word' id='word_1_171' title='bbox 1667 1703 1858 1758; x_wconf 87' lang='lat' dir='ltr'>homine,</span> 
     </span>
    </p>

    <p class='ocr_par' dir='ltr' id='par_1_12' title="bbox 529 1772 1858 1831">
     <span class='ocr_line' id='line_1_23' title="bbox 529 1772 1858 1831; baseline 0.002 -17"><span class='ocrx_word' id='word_1_172' title='bbox 529 1788 712 1830; x_wconf 88' lang='lat' dir='ltr'>quarum</span> <span class='ocrx_word' id='word_1_173' title='bbox 738 1772 934 1830; x_wconf 92' lang='lat' dir='ltr'>quelibet</span> <span class='ocrx_word' id='word_1_174' title='bbox 948 1774 1003 1816; x_wconf 87' lang='lat' dir='ltr'>sit</span> <span class='ocrx_word' id='word_1_175' title='bbox 1017 1773 1208 1815; x_wconf 86' lang='lat' dir='ltr'>humana</span> <span class='ocrx_word' id='word_1_176' title='bbox 1227 1774 1432 1831; x_wconf 89' lang='lat' dir='ltr'>quiditas‚</span> <span class='ocrx_word' id='word_1_177' title='bbox 1456 1774 1572 1830; x_wconf 88' lang='lat' dir='ltr'>quod</span> <span class='ocrx_word' id='word_1_178' title='bbox 1598 1780 1663 1816; x_wconf 86' lang='lat' dir='ltr'>est</span> <span class='ocrx_word' id='word_1_179' title='bbox 1685 1789 1858 1828; x_wconf 81' lang='lat' dir='ltr'>verum3</span> 
     </span>
    </p>

    <p class='ocr_par' dir='ltr' id='par_1_13' title="bbox 528 1843 1859 1902">
     <span class='ocr_line' id='line_1_24' title="bbox 528 1843 1859 1902; baseline 0 -16"><span class='ocrx_word' id='word_1_180' title='bbox 528 1843 745 1886; x_wconf 87' lang='lat' dir='ltr'>secundus</span> <span class='ocrx_word' id='word_1_181' title='bbox 779 1852 924 1888; x_wconf 89' lang='lat' dir='ltr'>autem</span> <span class='ocrx_word' id='word_1_182' title='bbox 949 1851 1095 1901; x_wconf 88' lang='lat' dir='ltr'>potest</span> <span class='ocrx_word' id='word_1_183' title='bbox 1116 1844 1314 1900; x_wconf 85' lang='lat' dir='ltr'>intelligi,</span> <span class='ocrx_word' id='word_1_184' title='bbox 1335 1845 1451 1902; x_wconf 90' lang='lat' dir='ltr'>quod</span> <span class='ocrx_word' id='word_1_185' title='bbox 1486 1851 1637 1900; x_wconf 81' lang='lat' dir='ltr'>partes</span> <span class='ocrx_word' id='word_1_186' title='bbox 1672 1845 1859 1888; x_wconf 86' lang='lat' dir='ltr'>hominis</span> 
     </span>
    </p>

    <p class='ocr_par' dir='ltr' id='par_1_14' title="bbox 528 1914 1860 1973">
     <span class='ocr_line' id='line_1_25' title="bbox 528 1914 1860 1973; baseline 0.002 -18"><span class='ocrx_word' id='word_1_187' title='bbox 528 1914 692 1957; x_wconf 80' lang='lat' dir='ltr'>habent</span> <span class='ocrx_word' id='word_1_188' title='bbox 723 1917 926 1973; x_wconf 83' lang='lat' dir='ltr'>proprias</span> <span class='ocrx_word' id='word_1_189' title='bbox 960 1918 1127 1959; x_wconf 84' lang='lat' dir='ltr'>animas</span> <span class='ocrx_word' id='word_1_190' title='bbox 1159 1917 1406 1972; x_wconf 88' lang='lat' dir='ltr'>nutritivas,</span> <span class='ocrx_word' id='word_1_191' title='bbox 1454 1917 1679 1959; x_wconf 85' lang='lat' dir='ltr'>distinctas</span> <span class='ocrx_word' id='word_1_192' title='bbox 1713 1916 1766 1958; x_wconf 90' lang='lat' dir='ltr'>ab</span> <span class='ocrx_word' id='word_1_193' title='bbox 1799 1917 1860 1958; x_wconf 87' lang='lat' dir='ltr'>in·</span> 
     </span>
    </p>
   </div>
   <div class='ocr_carea' id='block_1_5' title="bbox 528 1985 1919 2044">
    <p class='ocr_par' dir='ltr' id='par_1_15' title="bbox 528 1985 1919 2044">
     <span class='ocr_line' id='line_1_26' title="bbox 528 1985 1919 2044; baseline 0.004 -17"><span class='ocrx_word' id='word_1_194' title='bbox 528 1985 762 2041; x_wconf 85' lang='lat' dir='ltr'>tellectiva,</span> <span class='ocrx_word' id='word_1_195' title='bbox 798 2001 882 2043; x_wconf 89' lang='lat' dir='ltr'>que</span> <span class='ocrx_word' id='word_1_196' title='bbox 917 1994 982 2029; x_wconf 88' lang='lat' dir='ltr'>est</span> <span class='ocrx_word' id='word_1_197' title='bbox 1028 1987 1290 2041; x_wconf 86' lang='lat' dir='ltr'>humanitas,</span> <span class='ocrx_word' id='word_1_198' title='bbox 1337 2003 1387 2030; x_wconf 82' lang='lat' dir='ltr'>ac</span> <span class='ocrx_word' id='word_1_199' title='bbox 1421 1988 1641 2042; x_wconf 85' lang='lat' dir='ltr'>sensitiva,</span> <span class='ocrx_word' id='word_1_200' title='bbox 1676 2001 1761 2044; x_wconf 82' lang='lat' dir='ltr'>que</span> <span class='ocrx_word' id='word_1_201' title='bbox 1796 1993 1862 2029; x_wconf 84' lang='lat' dir='ltr'>est</span> <span class='ocrx_word' id='word_1_202' title='bbox 1876 2001 1919 2032; x_wconf 80' lang='lat'>25</span> 
     </span>
    </p>
   </div>
   <div class='ocr_carea' id='block_1_6' title="bbox 557 2084 683 2087">
    <p class='ocr_par' dir='ltr' id='par_1_16' title="bbox 557 2084 683 2087">
     <span class='ocr_line' id='line_1_27' title="bbox 557 2084 683 2087; baseline 0 0"><span class='ocrx_word' id='word_1_203' title='bbox 557 2084 683 2087; x_wconf 95' lang='lat' dir='ltr'> </span> 
     </span>
    </p>
   </div>
   <div class='ocr_carea' id='block_1_7' title="bbox 714 2085 802 2088">
    <p class='ocr_par' dir='ltr' id='par_1_17' title="bbox 714 2085 802 2088">
     <span class='ocr_line' id='line_1_28' title="bbox 714 2085 802 2088; baseline 0 0"><span class='ocrx_word' id='word_1_204' title='bbox 714 2085 802 2088; x_wconf 95' lang='lat' dir='ltr'> </span> 
     </span>
    </p>
   </div>
   <div class='ocr_carea' id='block_1_8' title="bbox 621 2116 1863 2277">
    <p class='ocr_par' dir='ltr' id='par_1_18' title="bbox 621 2116 1863 2277">
     <span class='ocr_line' id='line_1_29' title="bbox 715 2116 1863 2161; baseline 0.001 -13"><span class='ocrx_word' id='word_1_205' title='bbox 715 2118 768 2149; x_wconf 89' lang='lat'>14.</span> <span class='ocrx_word' id='word_1_206' title='bbox 795 2116 951 2149; x_wconf 72' lang='lat' dir='ltr'>Joamzes</span> <span class='ocrx_word' id='word_1_207' title='bbox 968 2116 1138 2149; x_wconf 75' lang='lat' dir='ltr'>Peclclzam</span> <span class='ocrx_word' id='word_1_208' title='bbox 1156 2118 1432 2158; x_wconf 77' lang='lat'>(1278-1392),</span> <span class='ocrx_word' id='word_1_209' title='bbox 1459 2116 1630 2150; x_wconf 73' lang='lat' dir='ltr'>Robercus</span> <span class='ocrx_word' id='word_1_210' title='bbox 1654 2117 1863 2161; x_wconf 75' lang='lat' dir='ltr'>Kilwardby</span> 
     </span>
     <span class='ocr_line' id='line_1_30' title="bbox 624 2174 1860 2218; baseline 0.001 -10"><span class='ocrx_word' id='word_1_211' title='bbox 624 2176 880 2215; x_wconf 79' lang='lat'><em>(1272—1278)</em></span> <span class='ocrx_word' id='word_1_212' title='bbox 932 2176 1192 2218; x_wconf 70' lang='lat' dir='ltr'>archiepiscopi</span> <span class='ocrx_word' id='word_1_213' title='bbox 1233 2175 1502 2209; x_wconf 69' lang='lat' dir='ltr'>Ccmtuarenses.</span> <span class='ocrx_word' id='word_1_214' title='bbox 1540 2176 1584 2218; x_wconf 84' lang='lat' dir='ltr'>cf.</span> <span class='ocrx_word' id='word_1_215' title='bbox 1625 2175 1743 2216; x_wconf 73' lang='lat' dir='ltr'>Gams,</span> <span class='ocrx_word' id='word_1_216' title='bbox 1786 2174 1860 2209; x_wconf 75' lang='lat' dir='ltr'>Ser.</span> 
     </span>
     <span class='ocr_line' id='line_1_31' title="bbox 621 2235 1109 2277; baseline 0.002 -10"><span class='ocrx_word' id='word_1_217' title='bbox 621 2237 724 2277; x_wconf 68' lang='lat' dir='ltr'>episc.</span> <span class='ocrx_word' id='word_1_218' title='bbox 750 2235 827 2267; x_wconf 75' lang='lat' dir='ltr'>eccl.</span> <span class='ocrx_word' id='word_1_219' title='bbox 854 2235 942 2267; x_wconf 71' lang='lat' dir='ltr'>cath.</span> <span class='ocrx_word' id='word_1_220' title='bbox 964 2247 1002 2277; x_wconf 77' lang='lat' dir='ltr'>p.</span> <span class='ocrx_word' id='word_1_221' title='bbox 1030 2237 1109 2269; x_wconf 76' lang='lat'>183.</span> 
     </span>
    </p>
   </div>
   <div class='ocr_carea' id='block_1_9' title="bbox 588 2320 674 2323">
    <p class='ocr_par' dir='ltr' id='par_1_19' title="bbox 588 2320 674 2323">
     <span class='ocr_line' id='line_1_32' title="bbox 588 2320 674 2323; baseline 0 0"><span class='ocrx_word' id='word_1_222' title='bbox 588 2320 674 2323; x_wconf 95' lang='lat' dir='ltr'> </span> 
     </span>
    </p>
   </div>
   <div class='ocr_carea' id='block_1_10' title="bbox 707 2319 811 2322">
    <p class='ocr_par' dir='ltr' id='par_1_20' title="bbox 707 2319 811 2322">
     <span class='ocr_line' id='line_1_33' title="bbox 707 2319 811 2322; baseline 0 0"><span class='ocrx_word' id='word_1_223' title='bbox 707 2319 811 2322; x_wconf 95' lang='lat' dir='ltr'> </span> 
     </span>
    </p>
   </div>
   <div class='ocr_carea' id='block_1_11' title="bbox 529 2364 1863 2524">
    <p class='ocr_par' dir='ltr' id='par_1_21' title="bbox 529 2364 1863 2524">
     <span class='ocr_line' id='line_1_34' title="bbox 590 2364 1860 2408; baseline 0.001 -10"><span class='ocrx_word' id='word_1_224' title='bbox 590 2369 619 2398; x_wconf 91' lang='lat'>1.</span> <span class='ocrx_word' id='word_1_225' title='bbox 647 2364 892 2398; x_wconf 78' lang='lat' dir='ltr'>essencialiter</span> <span class='ocrx_word' id='word_1_226' title='bbox 934 2364 1015 2408; x_wconf 77' lang='lat' dir='ltr'>(pro</span> <span class='ocrx_word' id='word_1_227' title='bbox 1044 2365 1176 2401; x_wconf 57' lang='lat' dir='ltr'>essent)</span> <span class='ocrx_word' id='word_1_228' title='bbox 1203 2365 1243 2398; x_wconf 90' lang='lat' dir='ltr'>A.</span> <span class='ocrx_word' id='word_1_229' title='bbox 1364 2368 1397 2398; x_wconf 72' lang='lat'>⁶2.</span> <span class='ocrx_word' id='word_1_230' title='bbox 1423 2365 1520 2397; x_wconf 86' lang='lat' dir='ltr'>solus</span> <span class='ocrx_word' id='word_1_231' title='bbox 1546 2365 1603 2399; x_wconf 87' lang='lat' dir='ltr'>Pr.</span> <span class='ocrx_word' id='word_1_232' title='bbox 1712 2365 1794 2398; x_wconf 85' lang='lat' dir='ltr'>talis</span> <span class='ocrx_word' id='word_1_233' title='bbox 1822 2365 1860 2399; x_wconf 92' lang='lat' dir='ltr'>C.</span> 
     </span>
     <span class='ocr_line' id='line_1_35' title="bbox 529 2423 1863 2467; baseline 0.001 -11"><span class='ocrx_word' id='word_1_234' title='bbox 529 2427 561 2457; x_wconf 91' lang='lat'>3.</span> <span class='ocrx_word' id='word_1_235' title='bbox 588 2424 740 2456; x_wconf 87' lang='lat' dir='ltr'>humiles</span> <span class='ocrx_word' id='word_1_236' title='bbox 779 2425 805 2454; x_wconf 92' lang='lat' dir='ltr'><strong>A</strong></span> <span class='ocrx_word' id='word_1_237' title='bbox 823 2423 862 2455; x_wconf 84' lang='lat' dir='ltr'>C.</span> <span class='ocrx_word' id='word_1_238' title='bbox 912 2425 944 2455; x_wconf 81' lang='lat'>4.</span> <span class='ocrx_word' id='word_1_239' title='bbox 971 2424 1184 2466; x_wconf 86' lang='lat' dir='ltr'>participant</span> <span class='ocrx_word' id='word_1_240' title='bbox 1223 2424 1306 2457; x_wconf 67' lang='lat' dir='ltr'>add.</span> <span class='ocrx_word' id='word_1_241' title='bbox 1336 2429 1417 2466; x_wconf 59' lang='lat' dir='ltr'>post</span> <span class='ocrx_word' id='word_1_242' title='bbox 1450 2423 1661 2467; x_wconf 82' lang='lat' dir='ltr'>corpuscula</span> <span class='ocrx_word' id='word_1_243' title='bbox 1686 2423 1743 2466; x_wconf 89' lang='lat' dir='ltr'>Pr,</span> <span class='ocrx_word' id='word_1_244' title='bbox 1782 2428 1863 2467; x_wconf 85' lang='lat' dir='ltr'>post</span> 
     </span>
     <span class='ocr_line' id='line_1_36' title="bbox 530 2482 1860 2524; baseline 0 -10"><span class='ocrx_word' id='word_1_245' title='bbox 530 2484 646 2515; x_wconf 86' lang='lat' dir='ltr'>anime</span> <span class='ocrx_word' id='word_1_246' title='bbox 689 2484 726 2515; x_wconf 89' lang='lat' dir='ltr'>P.</span> <span class='ocrx_word' id='word_1_247' title='bbox 843 2485 872 2514; x_wconf 83' lang='lat'>7.</span> <span class='ocrx_word' id='word_1_248' title='bbox 917 2483 1034 2514; x_wconf 85' lang='lat' dir='ltr'>animo</span> <span class='ocrx_word' id='word_1_249' title='bbox 1076 2494 1145 2524; x_wconf 77' lang='lat' dir='ltr'>pro</span> <span class='ocrx_word' id='word_1_250' title='bbox 1188 2484 1306 2514; x_wconf 86' lang='lat' dir='ltr'>vivum</span> <span class='ocrx_word' id='word_1_251' title='bbox 1335 2483 1391 2515; x_wconf 89' lang='lat' dir='ltr'>Pr.</span> <span class='ocrx_word' id='word_1_252' title='bbox 1506 2484 1536 2515; x_wconf 82' lang='lat'>9.</span> <span class='ocrx_word' id='word_1_253' title='bbox 1581 2482 1750 2515; x_wconf 86' lang='lat' dir='ltr'>collocari</span> <span class='ocrx_word' id='word_1_254' title='bbox 1775 2483 1860 2524; x_wconf 85' lang='lat' dir='ltr'>BP,</span> 
     </span>
    </p>
   </div>
   <div class='ocr_carea' id='block_1_12' title="bbox 528 2540 1862 2876">
    <p class='ocr_par' dir='ltr' id='par_1_22' title="bbox 528 2540 1862 2876">
     <span class='ocr_line' id='line_1_37' title="bbox 530 2540 1862 2584; baseline 0 -11"><span class='ocrx_word' id='word_1_255' title='bbox 530 2541 652 2574; x_wconf 84' lang='lat' dir='ltr'>cellari</span> <span class='ocrx_word' id='word_1_256' title='bbox 680 2541 716 2582; x_wconf 84' lang='lat' dir='ltr'>C,</span> <span class='ocrx_word' id='word_1_257' title='bbox 744 2541 848 2573; x_wconf 88' lang='lat' dir='ltr'>celari</span> <span class='ocrx_word' id='word_1_258' title='bbox 865 2541 921 2573; x_wconf 93' lang='lat' dir='ltr'>Pr.</span> <span class='ocrx_word' id='word_1_259' title='bbox 999 2543 1051 2573; x_wconf 90' lang='lat'>10.</span> <span class='ocrx_word' id='word_1_260' title='bbox 1078 2540 1122 2573; x_wconf 87' lang='lat' dir='ltr'>ab</span> <span class='ocrx_word' id='word_1_261' title='bbox 1149 2541 1211 2573; x_wconf 87' lang='lat' dir='ltr'>illa</span> <span class='ocrx_word' id='word_1_262' title='bbox 1236 2542 1262 2573; x_wconf 89' lang='lat' dir='ltr'>B</span> <span class='ocrx_word' id='word_1_263' title='bbox 1280 2542 1337 2584; x_wconf 88' lang='lat' dir='ltr'>Pr,</span> <span class='ocrx_word' id='word_1_264' title='bbox 1365 2545 1418 2573; x_wconf 85' lang='lat' dir='ltr'>est</span> <span class='ocrx_word' id='word_1_265' title='bbox 1432 2541 1502 2574; x_wconf 84' lang='lat' dir='ltr'>alia</span> <span class='ocrx_word' id='word_1_266' title='bbox 1523 2540 1560 2574; x_wconf 86' lang='lat' dir='ltr'>C.</span> <span class='ocrx_word' id='word_1_267' title='bbox 1634 2541 1862 2584; x_wconf 83' lang='lat' dir='ltr'>superaddita</span> 
     </span>
     <span class='ocr_line' id='line_1_38' title="bbox 530 2600 1859 2643; baseline 0.002 -11"><span class='ocrx_word' id='word_1_268' title='bbox 530 2600 651 2632; x_wconf 84' lang='lat' dir='ltr'>addita</span> <span class='ocrx_word' id='word_1_269' title='bbox 677 2600 824 2632; x_wconf 82' lang='lat' dir='ltr'>resultat</span> <span class='ocrx_word' id='word_1_270' title='bbox 850 2604 884 2633; x_wconf 86' lang='lat' dir='ltr'>et</span> <span class='ocrx_word' id='word_1_271' title='bbox 915 2611 976 2643; x_wconf 86' lang='lat' dir='ltr'>per</span> <span class='ocrx_word' id='word_1_272' title='bbox 1009 2609 1230 2643; x_wconf 76' lang='lat' dir='ltr'>consequens</span> <span class='ocrx_word' id='word_1_273' title='bbox 1267 2612 1328 2633; x_wconf 81' lang='lat' dir='ltr'>om.</span> <span class='ocrx_word' id='word_1_274' title='bbox 1364 2601 1438 2633; x_wconf 78' lang='lat' dir='ltr'>rell.</span> <span class='ocrx_word' id='word_1_275' title='bbox 1467 2600 1493 2633; x_wconf 86' lang='lat' dir='ltr'>C</span> <span class='ocrx_word' id='word_1_276' title='bbox 1525 2601 1698 2643; x_wconf 84' lang='lat' dir='ltr'>prefuisse</span> <span class='ocrx_word' id='word_1_277' title='bbox 1725 2603 1795 2634; x_wconf 79' lang='lat' dir='ltr'>stat</span> <span class='ocrx_word' id='word_1_278' title='bbox 1819 2601 1859 2633; x_wconf 82' lang='lat' dir='ltr'>A.</span> 
     </span>
     <span class='ocr_line' id='line_1_39' title="bbox 535 2658 1860 2701; baseline 0.001 -11"><span class='ocrx_word' id='word_1_279' title='bbox 535 2660 584 2690; x_wconf 73' lang='lat'>1⁶2.</span> <span class='ocrx_word' id='word_1_280' title='bbox 613 2659 758 2690; x_wconf 76' lang='lat' dir='ltr'>resultet</span> <span class='ocrx_word' id='word_1_281' title='bbox 782 2659 882 2690; x_wconf 84' lang='lat' dir='ltr'>APr.</span> <span class='ocrx_word' id='word_1_282' title='bbox 982 2660 1034 2691; x_wconf 89' lang='lat'>15.</span> <span class='ocrx_word' id='word_1_283' title='bbox 1062 2658 1200 2691; x_wconf 86' lang='lat' dir='ltr'>Uxonic</span> <span class='ocrx_word' id='word_1_284' title='bbox 1226 2660 1254 2690; x_wconf 86' lang='lat' dir='ltr'>B</span> <span class='ocrx_word' id='word_1_285' title='bbox 1272 2660 1327 2701; x_wconf 81' lang='lat' dir='ltr'>Pr,</span> <span class='ocrx_word' id='word_1_286' title='bbox 1361 2659 1524 2692; x_wconf 84' lang='lat' dir='ltr'>Uxonien</span> <span class='ocrx_word' id='word_1_287' title='bbox 1558 2659 1638 2692; x_wconf 84' lang='grc' dir='ltr'>ΟΡ.</span> <span class='ocrx_word' id='word_1_288' title='bbox 1738 2661 1791 2691; x_wconf 85' lang='grc'>19.</span> <span class='ocrx_word' id='word_1_289' title='bbox 1819 2671 1860 2692; x_wconf 84' lang='lat' dir='ltr'>ex</span> 
     </span>
     <span class='ocr_line' id='line_1_40' title="bbox 531 2717 1859 2760; baseline 0.002 -12"><span class='ocrx_word' id='word_1_290' title='bbox 531 2718 606 2749; x_wconf 76' lang='lat' dir='ltr'>istis</span> <span class='ocrx_word' id='word_1_291' title='bbox 622 2717 786 2759; x_wconf 69' lang='lat' dir='ltr'>predictls</span> <span class='ocrx_word' id='word_1_292' title='bbox 801 2717 949 2760; x_wconf 81' lang='lat' dir='ltr'>predicti</span> <span class='ocrx_word' id='word_1_293' title='bbox 965 2717 1127 2749; x_wconf 82' lang='lat' dir='ltr'>doctores</span> <span class='ocrx_word' id='word_1_294' title='bbox 1144 2718 1170 2749; x_wconf 89' lang='lat' dir='ltr'>B</span> <span class='ocrx_word' id='word_1_295' title='bbox 1188 2717 1225 2749; x_wconf 87' lang='lat' dir='ltr'>C.</span> <span class='ocrx_word' id='word_1_296' title='bbox 1243 2729 1287 2749; x_wconf 79' lang='lat' dir='ltr'>an</span> <span class='ocrx_word' id='word_1_297' title='bbox 1316 2720 1504 2760; x_wconf 76' lang='lat' dir='ltr'>poterunt?</span> <span class='ocrx_word' id='word_1_298' title='bbox 1581 2718 1733 2750; x_wconf 87' lang='lat' dir='ltr'>doctoris</span> <span class='ocrx_word' id='word_1_299' title='bbox 1759 2717 1788 2749; x_wconf 93' lang='lat' dir='ltr'>A</span> <span class='ocrx_word' id='word_1_300' title='bbox 1803 2718 1859 2750; x_wconf 89' lang='lat' dir='ltr'>Pr.</span> 
     </span>
     <span class='ocr_line' id='line_1_41' title="bbox 531 2776 1859 2818; baseline 0 -10"><span class='ocrx_word' id='word_1_301' title='bbox 531 2777 584 2809; x_wconf 59' lang='grc' dir='ltr'>ΞΘ.</span> <span class='ocrx_word' id='word_1_302' title='bbox 615 2776 829 2808; x_wconf 81' lang='lat' dir='ltr'>concordare</span> <span class='ocrx_word' id='word_1_303' title='bbox 856 2776 882 2807; x_wconf 87' lang='lat' dir='ltr'>B</span> <span class='ocrx_word' id='word_1_304' title='bbox 900 2776 999 2808; x_wconf 81' lang='lat' dir='ltr'>PPr.</span> <span class='ocrx_word' id='word_1_305' title='bbox 1121 2776 1264 2818; x_wconf 80' lang='lat' dir='ltr'>quidem</span> <span class='ocrx_word' id='word_1_306' title='bbox 1291 2788 1352 2808; x_wconf 83' lang='lat' dir='ltr'>om.</span> <span class='ocrx_word' id='word_1_307' title='bbox 1381 2777 1437 2808; x_wconf 91' lang='lat' dir='ltr'>Pr.</span> <span class='ocrx_word' id='word_1_308' title='bbox 1550 2778 1604 2809; x_wconf 78' lang='lat'>24.</span> <span class='ocrx_word' id='word_1_309' title='bbox 1633 2780 1749 2818; x_wconf 83' lang='lat' dir='ltr'>partes</span> <span class='ocrx_word' id='word_1_310' title='bbox 1777 2776 1859 2809; x_wconf 67' lang='lat' dir='ltr'>add.</span> 
     </span>
     <span class='ocr_line' id='line_1_42' title="bbox 528 2834 1324 2876; baseline 0.004 -11"><span class='ocrx_word' id='word_1_311' title='bbox 528 2840 606 2876; x_wconf 70' lang='lat' dir='ltr'>pose</span> <span class='ocrx_word' id='word_1_312' title='bbox 632 2834 763 2868; x_wconf 78' lang='lat' dir='ltr'>habent</span> <span class='ocrx_word' id='word_1_313' title='bbox 787 2835 815 2866; x_wconf 92' lang='lat' dir='ltr'>B</span> <span class='ocrx_word' id='word_1_314' title='bbox 832 2835 858 2867; x_wconf 89' lang='lat' dir='ltr'>P</span> <span class='ocrx_word' id='word_1_315' title='bbox 874 2835 929 2867; x_wconf 88' lang='lat' dir='ltr'>Pr,</span> <span class='ocrx_word' id='word_1_316' title='bbox 1051 2835 1215 2868; x_wconf 73' lang='lat' dir='ltr'>distincta</span> <span class='ocrx_word' id='word_1_317' title='bbox 1241 2835 1269 2867; x_wconf 90' lang='lat' dir='ltr'>B</span> <span class='ocrx_word' id='word_1_318' title='bbox 1287 2835 1324 2868; x_wconf 88' lang='lat' dir='ltr'>C.</span> 
     </span>
    </p>
   </div>
  </div>
 </body>
</html>
