2035 3359
185 177 239 213 84
911 184 1152 218 JOHANNJS
1178 184 1353 218 WiemF
1631 170 1732 230 [eff.
1756 182 1793 211 v.

474 291 701 348 tiplicatur
732 308 812 349 per
843 298 986 335 totum
1009 292 1256 335 subiectum
1289 298 1332 334 et
1353 292 1576 348 pei-exigit
1608 293 1815 335 sanitates

477 361 694 419 parciales
719 363 961 420 disparium
985 363 1226 416 racionum,
1251 361 1564 419 multiplicatas
1585 378 1666 420 per
1689 377 1817 404 suum

477 432 725 475 subiectum
771 434 977 490 primum,
1026 449 1082 476 ex
1130 432 1290 490 quibus
1339 439 1386 475 ut
1418 433 1621 490 partibus
1655 434 1816 476 consti-

475 504 702 547 tuentibus
737 505 900 547 sanitas
932 503 1078 547 totalis
1107 502 1111 560 Ι
1140 503 1337 546 resultat.
1831 479 1969 559 fol.A53⁸

201 585 266 610 'she
295 583 443 609 elements
537 573 954 632 Correspondenter
988 575 1075 617 dici
1098 581 1258 632 potest,
1283 575 1418 632 quod,
1452 576 1567 618 sicut
1600 574 1851 619 elementa5

254 619 395 645 combine

219 655 426 717 {ffieffissgy
477 652 749 702 componunt
794 647 946 702 mixta,
994 651 1037 689 et
1080 647 1177 703 ipsa
1219 644 1503 701 vegetabilia,
1547 644 1816 703 vegetabilia

194 725 452 788 vegsstsssiiiix'remd
474 731 580 760 vero
615 716 847 759 sensitiva:
896 717 957 758 sic
1001 716 1143 759 forme
1177 716 1470 759 elementares
1501 716 1667 760 formas
1702 731 1817 759 com—

183 799 317 859 offlffitssj
339 796 461 858 ῗῐῖἰζέῑὲῠ
475 788 718 830 mixciones
765 787 1091 844 superadditas,
1139 794 1181 831 et
1213 787 1287 830 ille
1326 789 1599 844 vegetativas
1634 789 1801 830 animas

181 867 461 930 rorglsdvffiffiffle
478 864 521 900 et
552 857 627 900 ille
662 859 828 901 animas
862 859 1110 916 sensitivas,
1148 874 1236 902 non
1259 865 1409 902 tamen
1441 866 1542 902 sunt
1576 859 1818 916 disparium

245 941 401 980 soum-are
476 929 722 984 racionum3
771 944 853 972 nec
895 937 1045 972 tamen
1077 930 1294 972 situantur
1335 937 1487 988 partes
1534 930 1819 987 appropriate
1837 941 1878 971 10

217 974 424 1043 {dssce‘ifficissiff
475 998 616 1042 forme
649 1000 936 1057 superaddite
968 1015 1110 1057 usque
1143 1000 1200 1042 ad
1232 1000 1514 1044 indivisibile.

535 1070 645 1114 Ideo
678 1086 768 1114 non
801 1077 903 1114 sunt
933 1071 1077 1114 forme
1099 1071 1215 1114 mole
1240 1087 1414 1128 magne,
1450 1079 1493 1114 et
1525 1078 1821 1127 congruenter

478 1141 533 1184 de
566 1141 853 1198 qualitatibus
898 1149 942 1185 et
986 1142 1082 1185 aliis
1130 1142 1436 1185 accidentibus
1470 1148 1537 1185 est
1569 1142 1819 1186 dicendum.

207 1223 319 1257 Bodily
340 1223 432 1248 forms
475 1211 534 1253 Et
567 1218 692 1269 patet
712 1213 833 1255 racio
859 1213 1144 1268 diversitatis,
1170 1228 1309 1270 quare
1337 1213 1481 1256 forma
1514 1215 1820 1271 corporeitatis

259 1267 310 1285 are
330 1262 383 1284 not

211 1295 447 1359 tffsslvziigleiegazh
476 1282 686 1340 simplicis
718 1299 805 1327 non
840 1282 1170 1340 multiplicatur,
1215 1285 1328 1327 sicut
1360 1285 1505 1327 anime
1538 1285 1745 1329 sensitive
1779 1292 1822 1328 et
1837 1293 1878 1324 15

191 1342 207 1359 0
245 1341 260 1359 Θ

180 1371 249 1402 part
267 1367 371 1392 would
391 1354 730 1411 beaspecialiter
761 1355 1025 1411 humanitas,
1072 1371 1171 1398 cum
1218 1356 1303 1398 sint
1346 1354 1638 1399 indivisibiles
1673 1357 1820 1414 quoad

200 1402 444 1466 αοῖἷῖρέιῗιῗῗῃὲῗῗω
474 1423 651 1478 molem,
688 1426 792 1483 quia
822 1425 951 1469 aliter
975 1432 1164 1483 oportet,
1199 1426 1321 1483 quod
1360 1426 1558 1483 quelibet
1591 1427 1684 1469 eius
1715 1443 1820 1484 pars

475 1496 770 1552 quantitativa
792 1496 907 1539 foret
921 1496 1095 1552 animal,
1118 1496 1250 1540 homo
1269 1497 1340 1539 vel
1365 1497 1600 1540 consimilis
1615 1498 1819 1541 racionis.

474 1565 534 1608 Et
565 1567 684 1610 idem
731 1567 909 1609 videtur
955 1582 1052 1610 esse
1103 1567 1316 1610 iudicium
1364 1568 1418 1610 de
1452 1567 1649 1626 qualibet
1679 1568 1821 1611 forma

477 1637 779 1693 superaddita,
826 1653 924 1680 cuni
983 1638 1181 1695 quelibet
1227 1638 1326 1681 talis
1373 1638 1695 1696 multiplicatur
1738 1654 1821 1696 per
1835 1647 1879 1678 20

477 1707 721 1750 subiectum
756 1708 962 1765 primum,
996 1715 1044 1751 ut
1074 1709 1218 1752 forma
1249 1710 1376 1752 mixti
1408 1710 1577 1752 minimi
1608 1710 1821 1754 naturalis

475 1778 798 1836 multiplicatur
821 1779 876 1821 ad
901 1779 1145 1837 quemlibet
1170 1781 1262 1823 eius
1285 1786 1514 1837 punctum,
1549 1787 1592 1823 et
1623 1780 1819 1824 resoluto

475 1849 800 1906 quantumlibet
852 1866 1011 1906 magno
1058 1851 1197 1894 mixto
1249 1852 1293 1893 in
1339 1851 1592 1895 huiusmodi
1642 1852 1822 1894 minima

475 1919 802 1976 quantumlibet
861 1928 1069 1979 separata
1119 1922 1235 1964 foret
1288 1922 1442 1965 eadem
1481 1922 1621 1965 forma
1664 1923 1819 1978 tocius,

474 1989 743 2048 ubicumque
776 1998 844 2034 est
888 1991 1037 2049 aliqua
1067 1991 1262 2047 illarum,
1308 1992 1444 2036 habet
1476 1999 1624 2035 tamen
1654 1993 1820 2037 formas
1834 2001 1878 2032 25

476 2059 694 2117 quotlibet
730 2061 968 2104 consimilis
1020 2063 1208 2105 racionis
1241 2069 1329 2105 tam
1362 2063 1653 2106 indivisibiles
1688 2080 1819 2121 quam

475 2131 722 2174 divisibiles
757 2133 1001 2176 secundum
1019 2140 1169 2190 partes
1191 2133 1416 2191 virtuales,
1440 2141 1488 2177 ut
1510 2135 1665 2177 anima.
1689 2135 1820 2177 Unde

475 2202 687 2257 contingit
709 2202 841 2246 talem
867 2204 1051 2247 formam
1076 2220 1159 2261 per
1196 2205 1594 2261 iuxtaposicionem
1621 2206 1818 2263 parcium

520 2312 552 2351 3,
567 2311 598 2342 4.
628 2310 925 2343 consatuentibus
941 2311 1000 2352 Pr,
1016 2314 1067 2343 tot
1087 2311 1248 2354 partibus
1268 2313 1529 2345 sustinentibus
1547 2313 1574 2344 B
1588 2311 1664 2345 CP.
1714 2314 1746 2345 5.
1764 2313 1819 2344 Ex

474 2368 604 2411 quibus
628 2368 949 2412 correspondenter
968 2368 995 2401 O
1010 2370 1066 2401 Pr.
1143 2372 1173 2404 6.
1194 2371 1343 2402 mixtum
1372 2370 1547 2405 BCPPr.
1623 2372 1656 2413 7,
1674 2373 1704 2404 8.
1725 2381 1818 2403 com-

473 2428 642 2461 mixt'one
661 2429 719 2460 Pr.
806 2430 838 2460 9.
867 2438 936 2470 que
958 2440 1028 2470 pro
1055 2438 1127 2460 non
1152 2428 1219 2460 BP
1232 2429 1291 2469 Pr,
1318 2429 1461 2471 quando
1481 2429 1519 2462 C.
1619 2432 1673 2464 10.
1693 2441 1817 2474 appro-

474 2486 593 2519 bative
623 2487 662 2527 C,
690 2487 803 2519 forme
831 2487 1061 2529 superaddite
1087 2499 1150 2519 om.
1177 2488 1206 2520 B
1224 2488 1322 2520 CPr.
1422 2491 1476 2522 12.
1504 2489 1821 2531 correspondenter

472 2546 500 2576 B
518 2546 557 2585 P,
592 2547 821 2579 conformiter
853 2547 901 2578 Pr
934 2550 967 2579 et
1000 2547 1042 2579 de
1078 2548 1308 2580 conformiter
1341 2547 1378 2581 C.
1481 2550 1534 2581 13.
1561 2549 1735 2591 qualitate
1760 2549 1817 2589 Pr,

473 2606 671 2646 quantItate
699 2605 738 2638 C.
837 2607 891 2637 14.
921 2607 1025 2647 quasi
1053 2606 1093 2646 A,
1127 2607 1271 2649 quando
1299 2606 1336 2639 C.
1430 2608 1483 2639 16.
1513 2607 1715 2639 animalitas
1736 2612 1818 2649 pose

473 2663 675 2704 specialiter
702 2664 786 2696 (add.
816 2663 856 2696 A.
936 2665 995 2696 18.
1017 2665 1124 2697 homo
1143 2665 1201 2697 vel
1229 2677 1291 2698 om.
1310 2666 1389 2707 BP,
1409 2669 1444 2698 et
1462 2677 1533 2708 pro
1551 2666 1607 2699 vel
1625 2666 1666 2708 A,
1684 2666 1817 2699 animal

472 2721 554 2753 hom
581 2733 643 2754 om.
672 2722 709 2755 C.
787 2725 838 2755 19.
867 2723 982 2755 eidem
1008 2724 1147 2756 videtur
1173 2736 1251 2757 esse
1277 2725 1477 2757 dubiuniA.
1536 2726 1590 2757 21.
1608 2725 1758 2757 formam
1777 2725 1816 2757 P.

473 2781 526 2811 22.
547 2780 722 2813 resolucio
748 2782 807 2813 Pr.
883 2783 939 2814 24.
959 2784 1158 2824 quantitate
1170 2789 1252 2825 post
1270 2785 1416 2816 minima
1431 2784 1514 2817 calcz.
1534 2783 1573 2816 A.
1656 2785 1711 2815 26.
1731 2783 1818 2815 divi-

471 2838 593 2871 sibiles
614 2850 721 2881 quam
741 2840 941 2873 divisibiles
960 2842 1000 2874 P.
1064 2844 1117 2875 27.
1138 2854 1232 2875 nunc
1246 2855 1316 2885 pro
1334 2846 1371 2876 ut
1388 2844 1446 2875 Pr.
