2035 3359
193 199 270 234 126

209 2095 268 2120 Yet
287 2094 372 2120 these
392 2096 452 2119 two

227 2137 278 2154 are
299 2130 354 2154 but
375 2136 433 2154 one

193 2166 260 2190 soul
291 2165 411 2189 viewed
440 2163 471 2188 in

258 2199 401 2225 different

254 2236 410 2260 relatione.

923 194 1160 227 JOHANNIS
1187 194 1380 227 WICLIF.
1645 205 1729 232 cAP.
1750 206 1818 232 vn.

483 312 615 355 homo
661 319 728 356 est
770 319 928 363 natura
973 328 1196 371 corporea,
1245 314 1315 355 cui
1360 313 1474 355 inest
1518 313 1700 355 animari
1743 311 1973 391 velflAssob

484 384 637 425 vivere
663 384 905 425 secundum
929 382 1316 441 proporcionalem
1340 383 1677 436 animacionem3
1711 399 1815 439 ergo
1846 370 1864 391 ⁰
1885 389 1893 397 ‘

485 455 601 495 omni
623 453 789 495 homini
812 454 924 495 inest
947 455 1174 508 animacio,
1201 469 1286 511 qua
1311 452 1553 496 formaliter
1575 452 1810 505 animatur}

485 529 528 564 et
560 525 701 565 omnis
732 523 831 566 talis
865 524 1081 566 animacio
1116 530 1182 566 est
1213 525 1358 565 anima
1390 522 1644 579 corporalis.
1697 523 1817 579 Ergo

482 600 756 650 assumptum
770 594 1060 650 probandum.
1076 594 1135 636 Et
1148 595 1291 636 minor
1304 593 1418 636 illius
1435 594 1683 649 argumenti
1698 600 1819 650 patet
1834 607 1855 638 5

483 679 565 719 per
610 679 760 706 omnes
805 670 1022 721 ponentes
1068 664 1232 707 formas
1279 663 1599 706 substanciales
1632 670 1675 706 et
1706 664 1820 706 acci-

485 733 698 791 dentales,
733 734 892 792 quibus
931 735 1178 777 subiectum
1218 735 1525 777 denominatur
1564 733 1818 776 formaliter.

483 803 583 846 Non
621 810 688 846 est
720 805 835 846 enim
869 805 1005 859 racio,
1041 820 1179 861 quare
1219 820 1307 848 non
1340 811 1407 847 est
1438 803 1653 861 possibile
1687 819 1821 860 agens

485 889 630 931 agere,
674 875 758 916 nisi
803 874 886 916 sibi
928 875 1030 917 insit
1074 876 1259 931 agencia
1303 881 1531 932 tamquam
1585 874 1739 930 forma,
1774 879 1823 916 ut

487 959 584 986 esse
619 945 764 999 ignem
797 944 870 987 vel
902 945 1158 1000 igneitatem
1182 951 1225 987 et
1256 945 1317 987 ita
1347 946 1401 987 de
1434 947 1606 1000 ceteris,
1636 946 1718 987 nisi
1741 957 1881 1001 per10

482 1013 625 1056 locum
649 1029 675 1056 a
696 1014 928 1057 sufficienti
960 1015 1256 1070 similitudine,
1288 1031 1386 1057 cum
1419 1031 1506 1058 non
1535 1017 1590 1058 sit
1611 1014 1824 1072 possibile

483 1091 684 1127 naturam
719 1099 982 1142 corpoream
1005 1086 1187 1128 animari
1219 1085 1291 1128 vel
1322 1086 1474 1128 vivere
1497 1086 1579 1128 nisi
1608 1086 1690 1128 sibi
1721 1085 1824 1128 insit

483 1154 636 1211 forma,
671 1171 756 1212 que
790 1163 856 1198 est
888 1157 1103 1198 animacio
1136 1155 1209 1199 vel
1240 1156 1346 1212 vita,
1389 1172 1476 1214 qua
1508 1158 1570 1199 sio
1603 1157 1823 1198 animatur

483 1224 725 1268 formaliter
746 1225 818 1268 vel
839 1227 963 1269 vivit.
986 1226 1100 1268 Ymo
1115 1227 1321 1283 ponendo
1345 1242 1475 1269 unam
1490 1226 1622 1269 talem
1638 1226 1823 1268 formam

484 1284 824 1339 substaffeialem
857 1295 930 1339 vel
952 1296 1268 1339 accidentalem
1297 1298 1502 1353 ponende
1535 1303 1634 1339 sunt
1662 1296 1822 1352 plures,
1839 1308 1881 1339 15

484 1366 594 1407 sicut
616 1365 922 1408 abstrahentes
939 1367 982 1408 in
1005 1368 1088 1408 ista
1109 1368 1293 1409 materia
1316 1367 1449 1424 aliqui
1472 1366 1626 1424 solent,
1652 1373 1695 1409 et
1710 1366 1825 1408 ultra

483 1451 569 1478 non
601 1436 788 1478 restabit
834 1437 1016 1493 fingere,
1064 1438 1168 1494 quin
1213 1438 1425 1480 animacio
1474 1437 1724 1480 huiusmodi
1769 1438 1824 1479 sit

485 1506 638 1563 forma,
674 1522 760 1564 qua
792 1514 951 1549 natura
982 1522 1205 1564 ,corporea
1248 1508 1358 1550 vivit
1389 1508 1634 1551 formaliter
1668 1514 1711 1550 et
1742 1523 1824 1564 per

486 1591 775 1634 consequens,
822 1578 927 1635 quin
972 1579 1027 1620 sit
1057 1578 1198 1620 forma
1241 1577 1546 1621 substancialis
1581 1585 1625 1621 et
1657 1579 1822 1631 anima3

487 1654 529 1689 et
560 1647 741 1690 indubie
785 1647 899 1690 illius
931 1654 1084 1690 nature
1118 1663 1331 1705 corporee
1376 1650 1605 1704 animacio,
1640 1664 1737 1690 cum
1770 1649 1824 1690 sit
1838 1660 1882 1691 20

485 1718 602 1760 idem
654 1718 955 1761 essencialiter
1002 1734 1099 1760 cum
1147 1718 1221 1761 illa
1267 1725 1426 1761 natura
1478 1726 1520 1760 et
1565 1719 1822 1776 dependens

484 1788 728 1831 formaliter
773 1789 828 1830 ab
881 1789 1051 1844 eadem,
1095 1795 1162 1831 est
1206 1789 1504 1846 corruptibilis
1550 1790 1607 1831 ad
1640 1804 1821 1845 corrup-

485 1859 653 1900 cionem
687 1859 939 1901 essencialis
977 1859 1182 1902 subiecti:
1217 1863 1376 1916 loquor
1409 1866 1553 1902 autem
1589 1860 1645 1901 de
1679 1874 1822 1901 essen-

485 1928 582 1970 ciali
615 1930 799 1971 materia
830 1936 986 1971 nature
1010 1944 1223 1985 corporee
1247 1936 1290 1971 et
1310 1945 1395 1971 non
1430 1930 1484 1972 de
1505 1928 1823 1971 fundamentali

486 2005 529 2040 et
562 1998 832 2053 adventicia3
868 2005 910 2041 et
942 2005 1064 2056 patet
1096 2000 1235 2041 maior
1267 1999 1523 2056 principalis
1564 2000 1820 2054 argumenti.
1837 2011 1881 2042 25

543 2069 601 2111 Et
624 2069 678 2110 ad
702 2069 786 2112 hoc
807 2070 929 2112 vadit
952 2070 1185 2112 decretalis
1216 2085 1315 2111 cum
1339 2071 1426 2112 suis
1462 2069 1820 2126 exposicionibus

488 2139 770 2182 conformiter
801 2141 986 2193 racioni3
1021 2146 1064 2181 et
1097 2141 1237 2181 minor
1260 2140 1445 2182 includit
1479 2140 1601 2195 duas,
1636 2155 1822 2196 quarum

486 2211 630 2266 prima
662 2216 741 2263 est,
777 2210 896 2267 quod
930 2210 1165 2252 cuiuslibet
1213 2211 1403 2253 hominis
1436 2217 1605 2252 tantum
1638 2225 1725 2251 una
1758 2216 1823 2252 est

487 2281 645 2331 anima,
692 2295 776 2336 que
821 2286 943 2336 patet
994 2296 1051 2322 ex
1095 2281 1192 2334 hoc,
1238 2281 1357 2337 quod
1405 2280 1604 2338 quolibet
1648 2280 1821 2322 homine

485 2351 656 2404 signato
701 2352 845 2407 ipsum
893 2351 1079 2392 animari
1126 2358 1192 2392 est
1238 2352 1385 2392 anima
1429 2365 1526 2402 sua3
1582 2365 1663 2391 nec
1696 2349 1882 2393 aliter30

487 2426 604 2462 esset
626 2421 755 2463 homo
778 2421 967 2463 univoce
991 2419 1149 2462 animal
1181 2436 1280 2462 cum
1304 2420 1455 2474 brut03
1489 2420 1688 2462 secunda
1720 2434 1822 2476 pars

487 2498 564 2546 est,
613 2492 730 2547 quod
777 2491 1012 2533 cuiuslibet
1056 2491 1244 2533 hominis
1290 2491 1437 2532 anima
1471 2496 1539 2531 est
1571 2490 1823 2532 substancia

580 2610 611 2640 3.
638 2609 722 2650 quia
747 2608 788 2640 A.
852 2609 885 2640 4.
912 2608 1026 2640 forma
1044 2619 1115 2649 pro
1142 2608 1261 2639 anima
1287 2606 1327 2640 B.
1393 2608 1425 2640 5.
1458 2610 1492 2639 et
1517 2618 1579 2638 om.
1607 2607 1646 2639 Β.
1710 2608 1741 2639 9.
1767 2606 1824 2638 vel

484 2679 549 2709 pro
575 2671 768 2708 tamquam,
832 2667 884 2698 10.
912 2667 986 2698 sive
1007 2678 1078 2708 pro
1104 2666 1161 2697 vel
1187 2666 1228 2697 A.
1279 2666 1340 2698 ubi
1362 2677 1429 2707 pro
1457 2665 1524 2697 nisi
1550 2665 1589 2696 Β.
1660 2666 1710 2697 14.
1738 2665 1822 2696 Ideo

488 2726 513 2756 13
531 2726 586 2756 l’r.
685 2727 738 2756 15.
765 2725 883 2766 plures
911 2725 1049 2756 addidi.
1154 2727 1206 2757 17.
1240 2728 1346 2757 restat
1372 2724 1514 2755 APPr.
1618 2724 1672 2755 24.
1700 2726 1825 2754 natura

487 2784 632 2815 materie
652 2784 690 2815 A.
787 2783 843 2815 vel
871 2784 1057 2815 esscnciali
1075 2788 1152 2824 post
1170 2782 1430 2815 sundamentali
1448 2781 1531 2815 add,
1549 2782 1588 2813 A.
1688 2783 1741 2813 26.
1764 2781 1822 2812 de-

487 2841 627 2873 cretalis
657 2841 844 2873 decretalis
871 2841 963 2883 (bis).
1061 2843 1115 2873 27.
1143 2842 1371 2873 conformatis
1398 2841 1437 2872 B.
