2035 3359
179 218 261 245 CAP.
282 205 354 265 μα]
504 219 569 251 DE
597 218 954 251 COMPOsicioNE
980 218 1191 251 HOMINIS.

180 325 388 381 contingit
420 340 475 366 ex
508 324 606 378 hoc,
642 324 758 380 quod
792 324 969 381 spiritus
1016 324 1309 366 interficientis
1348 323 1498 365 wlneri

181 395 310 438 occisi
357 394 581 436 imbibitus
635 400 822 450 propter
875 394 1187 436 accidentalem
1242 392 1496 450 qualitatum

180 464 505 507 similitudinem
528 464 715 506 trahitur
755 464 808 505 ab
835 465 1056 521 exspirato
1090 464 1243 520 spiritu
1277 465 1496 506 occisoris.

179 534 380 576 Attracto
400 535 511 576 enini
537 535 691 591 spiritu
712 533 800 586 illo,
819 540 860 576 et
885 534 1114 577 deficiente
1136 534 1297 576 virtute
1315 534 1500 589 regitiva

144 605 310 650 5occisi
362 605 573 661 corporis,
628 620 711 660 que
765 605 1028 659 sangwinem
1082 611 1288 658 servaret,
1341 611 1388 646 ut
1439 605 1500 646 sic

180 674 453 716 amicabilem
517 675 717 731 spiritum
784 688 912 731 quem
973 674 1195 716 turbatum
1248 674 1496 730 repelleret,

179 760 358 787 necesse
412 751 478 786 est
528 750 626 801 post
659 750 943 801 evaporatum
990 745 1188 802 spiritum
1234 745 1498 800 sangwinem

182 814 368 869 ebulire3
389 821 430 857 et
444 816 526 857 ista
549 816 768 857 sentencia
781 814 925 871 placet
942 814 1102 857 Ursoni
1118 814 1323 871 Aphoris.
1342 818 1415 868 263
1431 814 1500 857 vel

182 885 374 927 secundo
428 891 470 927 et
516 884 599 926 alia
643 900 771 926 causa
806 891 883 941 est,
929 886 1029 941 quia
1061 885 1238 941 spiritus
1271 884 1499 928 racionalis

126 969 166 1000 10
182 956 312 997 occisi
333 955 530 997 residens
552 957 594 997 in
611 956 842 1012 sangwffie,
859 955 923 997 ira
947 962 1201 1012 commotus7
1220 955 1500 1011 experiencia

183 1027 405 1082 occisoris,
452 1040 581 1081 quem
636 1025 950 1068 insensibiliter
994 1027 1197 1082 concipit,
1252 1031 1501 1067 commovet

181 1097 324 1154 ipsum
359 1102 402 1137 et
435 1096 700 1151 sangwinem
744 1096 797 1137 ad
836 1095 979 1138 locum
1013 1095 1112 1152 plus
1145 1095 1355 1151 patulum.
1418 1095 1501 1137 Vel

184 1167 317 1208 tercio
352 1165 743 1223 supernaturaliter
777 1166 884 1208 deus
916 1167 958 1207 in
992 1166 1290 1208 deteccionem
1324 1164 1501 1207 sceleris

181 1235 287 1279 illud
321 1238 420 1292 agit.
456 1235 613 1288 Quoad
649 1237 890 1279 secundum
937 1243 1069 1294 patet,
1115 1237 1232 1294 quod
1275 1235 1501 1293 spiritibus

83 1322 116 1353 A
184 1307 505 1349 levificantibus
528 1321 639 1364 pure
673 1313 817 1348 terreo
844 1306 1052 1349 derelicto
1076 1322 1256 1349 necesse
1280 1312 1358 1359 est,
1383 1306 1500 1363 quod

1733 211 1781 247 71

32 1390 90 1424 fol.
110 1392 169 1423 51²²
184 1379 373 1421 cadaver
400 1375 405 1435 Ι
433 1378 482 1419 fit
513 1379 701 1434 gravius,
736 1392 866 1435 quam
899 1378 979 1420 fuit
1009 1379 1157 1421 vivum
1192 1393 1246 1419 ex
1279 1375 1504 1433 spiritibus
1566 1391 1645 1423 Why
1667 1390 1743 1414 dead

1560 1425 1666 1451 bodies
1692 1431 1743 1450 are

186 1455 228 1491 et
271 1449 468 1491 terrestri
518 1461 702 1505 corpore
749 1454 1073 1504 congregatum.
1127 1447 1283 1500 Quoad
1329 1448 1510 1489 tercium
1543 1460 1758 1486 beavierthan

187 1519 356 1573 dicitur,
392 1518 510 1577 quod
543 1519 670 1561 vivus
710 1518 963 1561 submersus
1001 1519 1088 1561 vim
1122 1519 1286 1575 patitur
1319 1524 1359 1560 et
1391 1532 1502 1558 mer-

1554 1497 1648 1527 living
1668 1502 1752 1520 ones.

1564 1531 1643 1564 Why
1664 1530 1741 1555 dead

185 1589 328 1644 gendo
362 1604 408 1630 se
446 1590 587 1645 ipsum
621 1588 847 1645 glutificat.
896 1588 1081 1641 Quando
1117 1594 1260 1630 autem
1300 1566 1792 1644 spongio-mffiislssniiyvixivg'm

128 1674 172 1705 20
187 1659 337 1701 sitates
371 1665 412 1701 et
456 1659 551 1716 pori
595 1659 782 1701 hominis
828 1660 986 1701 mortui
1027 1658 1252 1715 replentur
1283 1673 1397 1715 aqua
1431 1673 1504 1700 ex-

374 1802 404 1834 8.
433 1800 538 1832 ‘Urso
563 1800 787 1832 scholasticus
814 1800 981 1842 physicae
1008 1804 1037 1832 et
1064 1798 1305 1841 philosophiae
1329 1799 1508 1832 naturalis

280 1860 442 1902 magister
479 1860 584 1891 seculi
617 1858 728 1899 XIII,
769 1860 868 1890 cuius
894 1857 1097 1899 Aphorz’smi
1132 1862 1162 1890 et
1197 1858 1270 1890 alia
1307 1860 1440 1900 scripta
1472 1860 1509 1889 in

280 1916 659 1960 bibliothecisAnylicz's,
675 1928 725 1950 ex.
737 1929 789 1961 qr.
807 1917 1014 1955 Bodleiana,
1035 1916 1172 1960 Collegit
1188 1917 1277 1949 Novi
1294 1917 1510 1956 Oaeoniensis,

283 1981 311 2008 et
338 1976 418 2008 aliis
447 1976 691 2009 adservantur.
723 1975 775 2018 CJf.
807 1976 905 2016 Come,
932 1976 1108 2018 cataloffus
1134 1976 1287 2008 codicum
1314 1974 1426 2016 MSS„
1454 1978 1512 2017 qui

280 2037 317 2067 in
355 2035 500 2078 colleyz‘is
527 2036 685 2077 caulisque
714 2034 966 2067 Oxon'iensibus
993 2035 1238 2067 adservantur.
1277 2034 1375 2067 Oneon
1418 2036 1510 2067 1852

275 2105 313 2135 p.
340 2095 383 2126 67
415 2094 498 2127 Coll.
526 2094 638 2126 Novi.²
666 2094 820 2135 Leo-Mer,
848 2093 996 2136 Trialoy,
1027 2094 1071 2125 87
1096 2098 1165 2126 not.

249 2213 279 2244 1.
305 2210 422 2243 ulmus
453 2211 493 2243 B.
589 2213 620 2243 5.
648 2211 762 2253 corpis
787 2211 828 2242 B.
924 2212 955 2243 6.
983 2211 1066 2252 quia
1090 2210 1259 2242 infectum
1289 2211 1317 2242 P
1343 2211 1401 2253 Pr,
1428 2211 1512 2253 quia

190 2269 359 2302 infectum
391 2269 565 2312 repellent
595 2269 678 2301 BC.
807 2270 837 2302 7.
870 2269 1047 2301 turbatum
1081 2280 1151 2310 pro
1190 2272 1415 2312 evaporatum
1453 2270 1510 2302 Pr.

190 2330 221 2361 8.
270 2327 429 2370 Amphoo
480 2328 562 2368 ΑΡ,
600 2327 827 2370 Amphorisso
880 2328 945 2359 ‘206
996 2327 1053 2369 Pr,
1102 2326 1373 2370 Amphoriorum
1417 2328 1445 2359 Β
1474 2328 1511 2360 C.

191 2388 221 2419 9.
248 2387 295 2419 Et
311 2406 349 2410 —
368 2388 453 2430 quia
477 2399 538 2419 om.
565 2387 605 2419 B.
680 2388 732 2418 10.
753 2386 892 2428 quietus
906 2397 974 2428 pro
993 2389 1188 2418 commotus
1213 2386 1253 2418 Β.
1329 2388 1381 2418 11.
1408 2387 1511 2419 inter—

190 2446 331 2478 fectoris
357 2446 385 2477 B
403 2445 428 2477 C
443 2446 470 2477 P
486 2447 543 2478 Pr.
642 2447 694 2477 12.
722 2448 754 2477 et
779 2456 840 2477 om.
855 2445 883 2476 Β
900 2444 926 2476 C
941 2445 980 2485 P,
999 2445 1159 2486 spiritum
1174 2448 1207 2477 et
1232 2446 1440 2487 sanquinem
1456 2446 1511 2477 Pr.

193 2506 245 2536 13.
274 2504 551 2536 detestacionem
576 2503 617 2536 A.
733 2506 783 2536 14.
812 2505 862 2535 sic
882 2515 951 2545 pro
976 2502 1075 2535 illud.
1195 2514 1334 2535 sensum
1364 2515 1432 2545 pro
1459 2514 1511 2535 se-

192 2563 346 2595 cundum
382 2563 482 2604 PPr,
520 2566 599 2605 post
636 2562 816 2604 spirltibus
848 2561 929 2595 add.
969 2560 1257 2603 septemplicibus
1295 2561 1369 2605 (sic)
1408 2561 1512 2594 bene-

192 2621 378 2654 ficantibus
397 2622 580 2664 exspiratis
598 2631 756 2664 pureque
773 2624 867 2653 tereo
895 2620 951 2651 Pr.
1029 2622 1080 2653 15.
1109 2623 1161 2651 est
1180 2631 1232 2652 om
1261 2620 1300 2651 Β.
1378 2622 1428 2653 16.
1448 2621 1514 2652 fuit

193 2691 245 2711 om
286 2680 428 2712 BPPr.
552 2682 604 2712 17.
637 2683 820 2712 terestram
852 2679 891 2710 P.
1014 2681 1066 2711 18.
1093 2689 1183 2710 unus
1210 2679 1411 2710 submersus
1443 2679 1513 2710 vim

192 2738 291 2780 ponit
316 2739 356 2780 P,
387 2739 492 2770 unius
518 2739 575 2771 Pr.
680 2740 731 2770 18.
760 2739 812 2770 19.
839 2737 1054 2770 intendendo
1082 2737 1109 2768 Β
1126 2736 1163 2776 O,
1198 2736 1429 2779 intelligendo
1455 2737 1512 2777 Pr,

195 2796 289 2839 quod
319 2797 358 2829 P.
457 2798 510 2829 19.
536 2798 591 2830 20.
618 2797 854 2838 spongiositas
882 2796 909 2827 B
927 2795 952 2827 C
969 2796 1008 2827 P.
1082 2795 1209 2827 mortui
1235 2800 1264 2827 et
1290 2795 1443 2837 expulsis
1471 2814 1512 2818 —

195 2865 287 2896 aqua
313 2856 362 2896 (p.
389 2856 433 2887 72
461 2856 481 2887 Z.
508 2857 540 2888 Ιὶ
567 2867 627 2887 om.
655 2855 694 2886 P.

1568 1643 1641 1662 ones
1662 1635 1741 1661 sink.
