2035 3359
201 193 253 229 98

242 600 430 627 Distinction

270 637 411 662 between

227 672 372 698 essential
392 670 451 696 and

251 707 423 733 accidental

276 746 395 768 matter.

923 200 1161 233 JOHANNIS
1188 200 1373 233 WICLIF.
1658 187 1757 245 [CAP.
1780 198 1817 226 V.

490 322 604 348 mam
650 306 855 363 aliquam,
909 322 1007 348 cum
1058 306 1379 363 quantumlibet
1428 321 1613 363 parvum
1667 320 1826 362 corpus

490 383 634 433 potest
667 392 763 419 esse
795 376 866 419 hic
900 383 942 419 et
974 377 1112 420 Rome
1157 377 1299 424 simul,
1334 383 1377 418 et
1410 378 1471 419 sic
1505 377 1559 419 de
1594 376 1702 432 aliis,
1737 390 1824 432 que

492 447 738 490 obiciuntur
798 454 949 491 contra
1007 455 1223 504 ponentes
1278 449 1533 490 continuum
1593 462 1689 490 esse
1749 462 1827 489 sua

490 524 652 575 partes.

550 589 638 631 Sed
670 588 742 631 hic
765 589 937 642 dicitur⁷
962 589 1080 646 quod
1111 595 1318 645 respectu
1341 590 1658 646 cuiuscumque
1682 589 1860 630 anime5

491 661 699 702 sensitive
752 666 817 702 θεῖ
862 660 966 702 dare
1017 659 1341 702 multitudinem
1386 661 1580 714 materie,
1629 675 1714 716 que
1761 666 1827 703 est

491 729 740 772 essencialis
778 730 839 772 illi
871 730 1012 773 anime
1055 731 1099 772 in
1130 731 1308 773 racione
1354 730 1555 785 subiecti,
1603 737 1645 773 et
1678 737 1827 788 preter

489 800 608 842 illam
642 806 709 843 est
741 801 846 842 dare
878 801 1107 843 materiam
1132 799 1465 855 accidentalem,
1498 807 1546 843 ut
1579 800 1825 855 humidum,

490 872 801 927 sangwineum,
849 870 921 914 vel
956 871 1112 925 cibale,
1147 870 1413 913 inhibitum:
1447 871 1564 927 quod
1605 877 1751 914 autem
1782 873 1825 913 in

489 941 743 998 particulari
790 942 845 983 sit
876 943 1068 998 primum
1101 941 1365 995 subiectum,
1420 941 1539 998 quod
1581 948 1729 984 autem
1762 957 1825 984 se-
1840 948 1884 980 10

490 1012 694 1067 eundum,
728 1019 935 1068 respectu
968 1013 1067 1054 date
1090 1013 1249 1066 anime,
1285 1019 1459 1068 oportet
1481 1027 1560 1054 nos
1586 1027 1745 1069 capere
1769 1027 1825 1054 ex

489 1083 810 1139 supposicione,
836 1084 938 1139 quia
971 1083 1025 1125 de
1059 1083 1142 1125 illis
1173 1083 1436 1125 differenoiis
1471 1096 1559 1123 non
1593 1088 1658 1125 est
1694 1082 1823 1124 nobis

490 1168 695 1195 sensuum
732 1154 965 1197 certitudo.
1015 1153 1200 1208 Tamen,
1235 1155 1269 1196 si
1301 1154 1443 1196 forma
1474 1152 1627 1195 ultima
1655 1152 1825 1195 anulosi

488 1223 693 1266 habuerit
724 1224 769 1265 in
791 1231 982 1281 utroque
1006 1224 1144 1266 frusto
1171 1225 1322 1267 deciso
1346 1230 1516 1282 partem
1538 1222 1820 1266 essencialem

237 1318 301 1342 The
320 1317 382 1343 1035
402 1317 437 1342 ος
489 1295 688 1347 materie,
721 1300 825 1336 tunc
857 1295 1155 1351 corrumpitur
1188 1302 1396 1351 corrupta
1426 1294 1501 1336 illa
1532 1294 1729 1336 materia.
1777 1292 1881 1334 Si15

249 1352 421 1378 accidental

198 1391 308 1414 matter
328 1388 401 1413 does
421 1390 475 1413 Ποῖ
492 1370 638 1407 autem
674 1364 814 1407 solum
850 1365 1131 1408 accidentalis
1166 1366 1351 1408 materia
1390 1370 1699 1422 corrumpitur,
1732 1378 1822 1405 ma-

239 1423 361 1458 destroy
380 1423 432 1448 the

296 1458 372 1485 soul.

245 1940 424 1973 Objection:

239 1977 324 2001 'rhen
345 1982 439 2011 every

197 2012 309 2036 animal
329 2011 425 2042 might
437 2011 475 2036 be

251 2054 310 2082 any
334 2046 365 2071 of
383 2047 429 2071 his

284 2084 387 2114 parts3

489 1441 563 1477 net
596 1435 749 1477 eadem
775 1436 919 1477 anima
945 1435 1112 1478 salvata
1133 1437 1176 1477 in
1199 1436 1376 1478 residuo
1401 1436 1598 1488 materie,
1623 1441 1665 1476 et
1687 1439 1822 1491 patet,

491 1506 608 1561 quod
631 1521 716 1548 non
744 1512 809 1548 θεῖ
824 1505 1035 1562 possibile
1059 1506 1304 1548 subiectum
1330 1505 1628 1548 adventicium
1650 1504 1824 1547 noviter

491 1575 700 1633 copulari,
725 1577 841 1633 quod
867 1577 921 1619 sit
944 1576 1183 1619 essenciale
1206 1577 1344 1632 priori
1359 1577 1521 1630 anime3
1550 1575 1555 1630 Ι
1583 1580 1823 1632 propterea
1836 1556 1972 1636 fos-459

490 1647 603 1688 enim
637 1646 867 1689 anulosum
902 1654 1034 1704 atque
1057 1647 1247 1690 divisum
1280 1648 1324 1689 in
1356 1647 1503 1689 medio
1539 1645 1674 1688 habet
1706 1652 1881 1688 com-20

488 1718 679 1759 muniter
711 1718 754 1759 in
788 1723 975 1774 utraque
1008 1717 1249 1761 medietate
1285 1718 1340 1759 de
1373 1717 1558 1760 materia
1591 1715 1822 1758 essenciali

490 1793 532 1829 et
576 1788 630 1830 de
676 1788 860 1830 materia
913 1787 1062 1844 fluida,
1113 1795 1157 1830 et
1207 1788 1449 1831 secundum
1497 1787 1821 1829 varicacionem

489 1856 587 1899 talis
619 1859 804 1900 materie
838 1865 1160 1915 consequenter
1194 1859 1427 1901 dicendum
1476 1864 1542 1900 est
1575 1857 1629 1899 de
1661 1858 1820 1899 anima.

549 1927 635 1970 Sed
682 1929 858 1970 videtur
905 1930 1029 1986 sequi
1075 1945 1131 1972 ex
1181 1929 1278 1984 isto,
1337 1929 1455 1985 quod
1502 1928 1619 1970 idem
1663 1926 1822 1970 animal

492 2004 641 2054 potest
673 2014 768 2041 esse
802 1999 1017 2056 quotlibet
1050 2001 1142 2042 eius
1174 2006 1324 2056 partes
1355 1999 1658 2056 quantitative,
1694 2004 1736 2040 et
1759 1999 1821 2039 sic
1836 2003 1879 2033 25

494 2084 621 2110 omne
656 2069 814 2111 animal
848 2076 994 2126 potest
1027 2085 1122 2112 esse
1156 2070 1289 2124 aliud,
1324 2085 1454 2126 quam
1491 2076 1556 2111 θεῖ
1589 2068 1734 2120 modo,
1775 2074 1824 2109 ut

494 2139 715 2195 signatoA
730 2140 845 2193 vivo,
858 2141 980 2182 cuius
996 2140 1146 2196 parsB
1161 2141 1266 2184 viva
1282 2146 1428 2196 potest
1443 2139 1603 2182 auferri
1617 2144 1822 2181 manente

542 2317 571 2349 1.
601 2327 680 2348 cum
707 2328 769 2349 om.
789 2316 847 2349 Pr.
923 2318 952 2348 2.
973 2316 1079 2348 simul
1107 2328 1168 2349 om.
1189 2317 1216 2348 B
1234 2318 1274 2349 P.
1349 2319 1380 2349 ss.
1399 2317 1631 2359 multiplicem
1650 2314 1759 2358 (-cam
1777 2314 1820 2357 P)

492 2376 679 2407 materiem
704 2374 735 2406 A
751 2376 806 2407 Pr.
895 2377 925 2407 7.
952 2375 1092 2417 equalis
1118 2375 1220 2408 APr.
1306 2379 1385 2417 post
1410 2375 1451 2407 B.
1538 2376 1569 2409 9.
1597 2373 1761 2406 nubitum
1778 2373 1820 2412 B,

495 2438 530 2466 et
556 2439 637 2466 ante
664 2434 759 2476 quod
789 2433 871 2465 add.
898 2433 939 2465 A.
993 2437 1046 2466 11).
1074 2434 1253 2476 proprium
1280 2433 1320 2465 A.
1379 2435 1432 2465 10.
1462 2435 1514 2465 11.
1534 2432 1728 2464 secundum
1756 2443 1819 2463 om.

493 2492 520 2523 B
535 2492 563 2523 P
580 2493 637 2524 Pr.
709 2494 762 2524 1⁶2.
791 2492 885 2534 quod
904 2493 944 2524 B.
1011 2492 1054 2524 dc
1069 2504 1130 2524 ου).
1150 2492 1188 2524 Ρ.
1259 2494 1312 2524 13.
1328 2496 1412 2524 tunc
1426 2503 1494 2534 pro
1511 2495 1631 2523 tamen
1649 2490 1679 2522 A
1693 2491 1722 2522 B
1740 2489 1765 2521 C
1782 2491 1820 2529 P,

497 2551 673 2582 certitudo
701 2562 763 2582 om.
790 2552 846 2582 Pr.
898 2555 1004 2593 atque
1031 2551 1182 2582 divisum
1204 2555 1285 2592 post
1310 2550 1449 2582 anulosi
1478 2549 1561 2581 add.
1587 2549 1628 2581 A.
1679 2550 1732 2580 16.
1758 2547 1821 2579 illa

490 2614 570 2650 post
596 2609 711 2641 solum
739 2610 822 2641 add.
849 2610 890 2643 B,
923 2610 1159 2651 corrumpitur
1190 2620 1251 2640 om.
1278 2610 1317 2641 B.
1416 2610 1470 2641 17.
1498 2607 1642 2640 residua
1673 2607 1821 2638 materia

492 2667 520 2697 B
536 2668 575 2698 P.
676 2670 730 2699 1‘.l.
770 2669 879 2709 priori
921 2670 1038 2699 anime
1078 2679 1139 2699 om.
1179 2668 1236 2699 Pr.
1346 2670 1534 2709 propterea
1566 2666 1658 2697 enim
1690 2677 1752 2697 om.
1781 2664 1817 2696 C.

494 2727 549 2756 20.
569 2727 728 2758 anulosis
748 2730 855 2768 atque
875 2726 1012 2758 divisus
1032 2727 1072 2767 Α,
1091 2727 1230 2758 anulosi
1249 2727 1370 2769 itaque
1389 2726 1546 2758 decisum
1566 2726 1605 2757 P.
1679 2725 1733 2755 22.
1753 2724 1820 2755 sibi

491 2788 570 2815 ante
597 2788 631 2816 et
656 2785 739 2817 add.
767 2785 807 2816 P.
905 2787 960 2817 24.
988 2796 1029 2817 ex
1055 2786 1123 2817 isto
1151 2786 1322 2827 consequi
1349 2785 1388 2817 P.
1485 2785 1540 2816 26.
1568 2783 1672 2815 modo
1690 2794 1753 2815 om.
1780 2782 1818 2814 C.

489 2843 542 2873 27.
572 2844 681 2884 prime
705 2856 772 2885 pro
798 2844 878 2875 vivo
906 2844 990 2885 AB,
1016 2847 1183 2876 mancntc
1211 2844 1250 2883 C,
1277 2846 1465 2875 amancnte
1491 2843 1530 2874 P.
