2035 3359
189 210 269 235 CAP.
291 197 342 255 ν]
499 210 564 241 DE
593 209 951 242 0οΜΡο5101οΝΕ
979 209 1191 242 iio-Mirus.
1730 200 1783 237 85

166 314 428 358 naturalium
462 314 752 357 materialium
790 315 1054 356 variatarum
1079 321 1254 357 servata
1285 315 1494 356 mixtione

169 401 264 428 esse
296 387 338 427 in
370 385 518 427 multis
551 385 656 427 locis
691 400 789 427 cum
822 384 919 440 hoc,
967 385 1084 441 quod
1117 384 1220 426 illuc
1252 391 1494 434 moveatur,

168 456 267 498 ideo
319 455 644 512 quodammodo
707 454 1035 511 multiplicatur.
1092 455 1151 497 Et
1197 461 1331 511 patet,
1378 455 1495 511 quod

168 527 310 568 minor
340 526 594 582 principalis
627 527 872 581 argumenti
907 532 973 567 est
1004 525 1124 567 falsa.

132 606 151 637 5
227 596 314 638 Sed
360 596 541 638 ulterius
586 596 839 649 notandum,
901 596 1018 651 quod
1064 597 1174 637 sicut
1220 595 1386 638 Cristus
1433 600 1498 636 est
1545 605 1586 629 As
1608 605 1708 631 Christ
1726 605 1750 629 is

1529 641 1601 666 both
1623 648 1658 671 go
1664 641 1762 665 dhead

170 666 353 707 duarum
401 667 638 708 formarum
686 682 762 708 seu
795 672 1048 707 naturarum
1094 673 1294 723 utraque,
1329 664 1496 706 scilicet
1529 676 1768 736 asffldtffeaglffig

170 737 371 778 divinitas
405 743 447 778 et
479 736 738 791 humanitas,
773 738 833 778 sic
868 737 1021 778 eadem
1056 751 1246 792 persona
1279 736 1397 777 Petri
1431 741 1496 776 est
1510 746 1674 805 personlis
1696 746 1785 805 bdody,

170 808 450 863 corporeitas,
501 822 583 863 que
629 813 694 848 est
737 806 981 848 animalitas
1029 813 1070 849 et
1113 807 1270 860 anima,
1324 812 1367 847 et
1399 788 1785 848 cumimmsoorlialaiipirit·

168 876 252 918 hac
301 883 365 918 est
409 878 587 933 spiritus
631 876 900 930 immortalis,
950 892 1079 933 quem
1128 877 1304 933 quidam
1337 881 1498 918 vocant

112 956 154 987 10
172 946 540 1002 spiritualitatem.
575 947 632 988 Et
656 948 766 989 sicut
788 947 973 989 verbum
1008 953 1073 989 est
1097 946 1229 1000 aliud,
1262 953 1495 1004 postquam

169 1017 249 1059 fuit
282 1017 428 1072 homo,
483 1033 613 1074 quam
646 1018 727 1059 fuit
760 1018 933 1074 quando
980 1017 1119 1059 solum
1155 1024 1246 1059 erat
1280 1018 1496 1070 divinitas,

171 1087 232 1129 sic
262 1102 452 1144 persona
495 1088 681 1130 hominis
727 1095 790 1129 est
837 1088 954 1129 aliud
1000 1088 1174 1143 quando
1220 1094 1284 1130 est
1325 1102 1497 1143 corpus,

170 1173 299 1215 quam
325 1164 391 1200 est
426 1158 600 1215 quando
626 1164 690 1200 est
713 1163 854 1199 solum
882 1159 1076 1214 spiritus,
1101 1158 1216 1215 quod
1246 1157 1495 1200 necessario

171 1235 248 1284 est,
293 1230 328 1270 si
372 1235 449 1271 est.
524 1229 617 1270 Nec
662 1228 788 1270 obest
833 1227 951 1269 illam
997 1228 1353 1284 corporalitatem
1402 1242 1498 1270 esse

115 1306 154 1337 15
170 1298 372 1355 animam,
408 1305 450 1341 et
482 1306 627 1340 tamen
662 1313 757 1341 esse
792 1297 1105 1340 indivisibilem
1138 1300 1284 1355 quoad
1319 1299 1497 1352 molem,

172 1384 265 1411 cum
312 1370 403 1412 vita
448 1368 688 1425 corporalis
733 1370 787 1411 sit
830 1384 928 1410 cum
972 1368 1224 1411 huiusmodi
1266 1370 1368 1423 vita,
1415 1384 1501 1426 qua

171 1454 331 1497 corpus
365 1440 474 1482 vivit
505 1438 760 1481 formaliter.
795 1438 925 1481 Unde
959 1438 1202 1495 Apostolus
1239 1440 1293 1481 ad
1325 1439 1434 1482 Coll.
1454 1444 1499 1480 20

173 1510 290 1566 dicit,
351 1510 468 1567 quod
527 1511 570 1552 in
631 1509 775 1552 Cristo
835 1509 1019 1552 ‘habitat
1077 1510 1217 1552 omnis
1269 1510 1497 1566 plenitudo

173 1580 411 1623 divinitatis
444 1580 761 1637 corporaliter-,⁷
796 1581 899 1637 quia
929 1580 1084 1635 Crist0‚
1121 1582 1194 1638 qui
1227 1587 1292 1623 est
1325 1596 1496 1641 corpus,

111 1651 282 1693 2oinest
313 1651 555 1693 formaliter
602 1651 754 1707 deitas,
800 1657 842 1693 et
889 1650 1018 1708 plene
1052 1666 1192 1707 omne,
1239 1654 1356 1707 quod
1389 1654 1501 1697 inest

171 1721 268 1774 deo,
304 1728 351 1764 ut
385 1721 504 1764 deus.
538 1721 596 1763 Et
628 1720 701 1762 illa
734 1721 1024 1778 corporalitas
1059 1728 1124 1764 est
1146 1721 1405 1780 humanitas,
1437 1725 1498 1766 in-

170 1792 410 1848 telligendo
447 1793 680 1847 hominem,
727 1799 776 1834 ut
821 1793 925 1835 dicit
969 1794 1175 1836 unionem
1210 1794 1394 1837 duarum
1425 1810 1498 1837 na-

169 1869 380 1905 turarum.
404 1863 526 1918 Ideo,
550 1869 599 1904 ut
621 1863 791 1920 patebit
812 1864 1047 1920 posterius,
1070 1863 1318 1907 humanitas
1341 1864 1499 1908 dicitur

171 1948 382 1975 exercere
418 1933 646 1989 equivoce‚
680 1933 757 1975 ubi
791 1933 1064 1987 ostendetur,
1098 1934 1217 1990 quod
1248 1950 1335 1977 non
1368 1951 1496 1979 omne

113 2007 154 2038 25
170 2002 289 2046 aliud
321 2004 426 2046 facit
459 2002 651 2061 aliquam
678 2004 950 2061 quiditatem‚
975 2005 1051 2047 sed
1075 2005 1192 2047 aliud
1226 2007 1497 2063 suppositale

170 2073 449 2131 completum,
497 2075 615 2131 quod
662 2082 727 2117 est
765 2074 1006 2117 essenciale
1037 2076 1264 2119 individuo
1297 2076 1368 2119 vel
1400 2093 1497 2133 per-

169 2159 287 2187 sone.
334 2144 427 2186 Nec
473 2146 684 2201 sequitur,
731 2146 848 2202 quod
894 2145 1025 2188 homo
1072 2146 1234 2189 habeat
1281 2147 1388 2190 duas
1420 2148 1498 2190 hu-

169 2216 413 2270 manitates7
448 2231 631 2273 quarum
676 2222 862 2273 utraque
907 2217 961 2258 sit
1004 2217 1143 2259 forma
1176 2217 1496 2274 substancialis,

359 2357 411 2387 17.
443 2354 511 2388 Col.
538 2358 570 2396 2,
600 2358 630 2388 9.

217 2499 246 2529 1.
273 2497 485 2529 naturalium
515 2509 577 2531 om.
603 2497 660 2530 Pr.
730 2499 760 2529 2.
790 2500 843 2530 est
861 2498 918 2530 Pr.
938 2497 1027 2530 illud
1052 2498 1082 2530 A
1147 2500 1221 2531 sive
1251 2499 1319 2531 hoc
1338 2499 1394 2540 Pr,
1421 2501 1496 2532 sine

167 2556 235 2587 hoc
257 2555 336 2588 ΟΡ.
398 2557 430 2588 4.
450 2557 497 2587 sit
517 2555 554 2588 C.
617 2557 647 2587 6.
667 2559 874 2588 naturarum
893 2557 921 2588 si
942 2556 1108 2589 divinitas
1126 2557 1166 2589 A.
1219 2560 1251 2590 9.
1270 2558 1391 2589 dicunt
1412 2558 1439 2589 Β
1457 2558 1497 2589 C·

169 2616 221 2646 12.
249 2624 375 2656 corpus
403 2625 507 2657 quam
536 2617 588 2646 est
614 2626 677 2646 om.
704 2614 771 2646 BC
787 2616 814 2647 P
830 2616 888 2648 Pr.
1001 2616 1053 2647 14.
1082 2626 1159 2648 6556
1188 2616 1270 2649 mm.
1294 2622 1372 2659 post
1398 2616 1500 2649 obest

165 2672 194 2703 B
211 2671 237 2704 C
252 2672 280 2703 P
294 2673 353 2704 Pr.
450 2674 503 2704 15.
524 2672 738 2704 divisibilem
757 2673 796 2705 A.
897 2675 950 2706 16.
971 2677 1010 2705 ut
1022 2685 1091 2715 pro
1117 2685 1196 2706 cum
1216 2675 1243 2706 B
1262 2674 1299 2707 C.
1390 2677 1443 2708 20.
1462 2676 1498 2707 id

167 2734 220 2762 est
251 2730 279 2761 Β
294 2730 322 2762 P
337 2731 394 2762 Pr.
493 2735 544 2763 est
575 2732 611 2762 in
645 2731 672 2761 B
688 2730 714 2762 C
730 2732 767 2763 P.
867 2734 920 2764 23.
957 2735 1053 2774 patet
1087 2732 1117 2764 A
1133 2732 1159 2764 C
1175 2733 1202 2764 P
1217 2733 1273 2766 Pr.
1372 2733 1499 2766 dicitur

167 2799 230 2821 om.
265 2788 293 2819 B
308 2788 336 2819 P
352 2789 409 2820 Pr.
511 2790 565 2821 24.
604 2799 765 2821 exercerc
799 2801 860 2822 om.
893 2790 932 2822 C.
1028 2801 1100 2823 11011
1133 2801 1209 2823 esse
1242 2801 1380 2824 omnem
1413 2792 1497 2824 facit

168 2846 275 2878 aliam
301 2847 360 2878 Pr.
