2035 3359
198 237 280 262 οΑΡ.
304 226 373 284 vr]
531 239 596 270 DE
631 238 989 270 COMPOSICIONE
1015 237 1214 270 HOMINIS
1733 225 1814 264 107

196 345 393 401 spiritum
410 350 452 385 et
472 348 664 386 mentem
681 358 731 385 ac
750 344 950 397 animam,
967 344 1041 385 sed
1062 344 1172 385 sicut
1189 342 1326 384 tercia
1339 357 1527 399 persona

46 401 182 480 fol.A57⁵
197 415 250 456 sit
273 415 436 470 spirata
453 421 618 471 apatre
634 420 675 456 et
689 413 792 467 filio,
814 415 876 455 sic
897 415 962 456 vis
992 413 996 469 l
1025 413 1203 455 volitiva
1222 419 1269 454 ut
1292 414 1456 469 spirata
1471 413 1524 453 ad

198 485 328 526 deum
375 484 645 540 diligendum
692 485 869 540 spiritus
924 484 1093 527 dicitur.
1156 482 1352 539 Septimo
1397 482 1526 524 modo
1607 492 1632 517 7-
1656 490 1745 517 wind

200 556 359 597 dicitur
391 556 569 611 spiritus
592 569 674 611 pro
699 569 978 611 quocumque
1014 554 1170 609 spiritu
1202 552 1351 595 subtili
1383 566 1527 604 aereo,

165 645 184 675 5
203 640 314 682 quos
346 624 648 681 Philosophus
683 628 727 664 2⁰
749 623 1229 679 Metheorologicorum
1262 628 1392 665 vocat
1423 636 1525 663 ven-

200 695 482 751 tos-spiritus.
508 694 639 736 Unde
662 694 797 735 tercio
826 693 932 748 Reg.
960 697 1032 733 19υ
1057 693 1214 734 dicitur
1237 691 1370 734 ‘Ecce
1393 692 1526 733 domi-

201 781 282 807 nus
315 770 358 807 et
389 765 545 806 transit
578 769 620 806 et
653 764 830 820 spiritus
863 764 1040 819 grandis
1075 762 1293 805 subvertit
1327 760 1529 809 montes’‚

205 842 247 878 et
277 835 389 877 forte
421 840 605 891 propter
649 832 935 876 subtilitatem
980 832 1078 875 talis
1125 832 1324 888 corporis
1359 837 1401 873 et
1433 845 1529 872 con-

206 905 478 948 venienciam
523 905 614 946 eius
661 918 759 944 cum
805 903 950 945 anima
995 918 1019 944 a
1067 902 1147 944 deo
1194 902 1372 958 spirata,
1421 901 1532 942 sicut

150 994 190 1024 10
207 976 398 1033 spiratur
459 975 636 1031 spiritus
696 989 951 1030 corporeus,
1007 979 1056 1015 ut
1114 978 1235 1029 patet
1292 971 1429 1013 tercio
1477 970 1531 1011 de

207 1046 363 1087 anima.
431 1045 545 1086 Nam
596 1044 817 1085 mediante
874 1044 1031 1100 spiritu
1075 1041 1265 1084 naturali
1303 1042 1346 1082 in
1386 1046 1529 1096 epate,

208 1117 362 1172 spiritu
399 1115 521 1158 vitali
561 1116 603 1156 in
642 1114 774 1156 corde
815 1120 858 1156 et
891 1114 1047 1171 spiritu
1091 1111 1269 1154 animali
1299 1113 1343 1153 in
1376 1110 1532 1167 capite,

208 1201 293 1242 que
316 1191 416 1228 sunt
439 1200 625 1241 corpora
654 1184 842 1238 subtilia,
868 1190 933 1225 est
958 1184 1102 1224 anima
1117 1182 1292 1238 corpori
1315 1179 1531 1236 copulata.

206 1256 267 1298 Et
295 1257 400 1298 istas
434 1255 779 1311 significaciones
816 1260 990 1311 oportet
1019 1253 1246 1295 attendere
1277 1266 1363 1293 non
1395 1249 1535 1292 solum

153 1344 194 1375 15
209 1341 288 1382 per
319 1341 495 1369 sensum
527 1325 807 1381 loquencium
854 1325 894 1365 in
940 1325 1024 1366 ista
1055 1323 1250 1377 materia,
1285 1321 1363 1364 sed
1397 1320 1535 1361 eciam

208 1412 289 1455 per
325 1411 500 1439 sensum
534 1396 765 1452 scripture.

268 1467 368 1509 Istis
392 1466 530 1508 tribus
554 1466 713 1507 notatis
731 1465 901 1520 dicitur,
920 1464 1038 1521 quod
1062 1461 1321 1518 accipiendo
1348 1461 1537 1502 animam
1551 1468 1615 1492 'Phe
1642 1466 1707 1491 ⁸0¹1¹
1735 1466 1828 1491 taken

1576 1503 1608 1527 in
1628 1502 1677 1527 the
1697 1501 1798 1526 fourth

211 1537 398 1579 hominis
443 1543 598 1592 quarto
644 1535 776 1577 modo
811 1541 877 1576 est
909 1532 1219 1590 corruptibilis,
1256 1532 1309 1573 de
1342 1530 1538 1586 potentia
1599 1537 1784 1604 effrffiffisssle

213 1608 394 1650 materie
429 1607 599 1660 educta,
634 1607 747 1648 sicut
778 1606 925 1662 posuit
947 1603 1204 1647 Alexander
1237 1609 1279 1644 et
1311 1601 1384 1644 alii
1416 1606 1537 1642 recte

155 1694 199 1725 20
214 1677 589 1735 philosophantes.
652 1676 711 1718 Et
760 1675 908 1732 quoad
940 1675 1024 1716 ista
1054 1679 1203 1730 potest
1236 1672 1398 1728 exponi
1431 1670 1538 1712 illud

214 1748 333 1791 Eccl.
370 1751 426 1787 30.
463 1747 602 1790 ‘Unus
635 1753 701 1789 est
730 1746 930 1788 interitus
953 1745 1140 1787 hominis
1174 1750 1217 1786 et
1247 1744 1538 1785 iumentorum

217 1825 259 1860 et
291 1833 402 1874 equa
426 1819 653 1874 utriusque
677 1815 901 1859 condicio'.
955 1815 1066 1856 Nam
1101 1814 1248 1871 quoad
1279 1814 1413 1856 vitam
1447 1827 1539 1854 cor-

215 1889 411 1947 poralem
456 1903 568 1945 eque
614 1887 881 1942 extinguitur
924 1887 966 1927 in
1024 1885 1200 1927 homine
1247 1889 1289 1925 et
1332 1884 1539 1938 iumento,
1556 1887 1673 1947 [nssffles
1676 1885 1831 1954 giirfffogass

218 1960 331 2002 sicut
363 1959 493 2002 homo
528 1957 676 2000 deficit
707 1955 1005 2012 corporaliter.
1041 1954 1085 1997 Si
1119 1961 1264 1996 autem
1296 1954 1440 1995 anima
1472 1968 1542 1994 ac·
1608 1956 1777 2017 ssgtgoigff·

159 2043 203 2074 25
220 2031 405 2087 cipiatur
438 2026 729 2086 personaliter
782 2040 862 2083 pro
916 2025 1070 2082 spiritu
1109 2024 1296 2066 hominis
1336 2023 1544 2065 exteriori

406 2161 437 2191 5.
458 2158 571 2190 Locus
583 2167 775 2198 perperam
790 2155 965 2195 ctclscitu95
989 2153 1033 2195 ef.
1046 2164 1123 2185 vero
1137 2152 1242 2184 Arist.
1266 2152 1309 2184 de
1329 2152 1460 2183 mundo
1476 2162 1504 2183 c.
1524 2152 1544 2182 4

317 2218 399 2259 (Ed.
428 2217 510 2249 Par.
542 2215 609 2247 III
621 2216 704 2254 632,
729 2216 762 2255 ὁ)
785 2211 892 2245 οὐδὲν
907 2211 973 2255 γάρ
992 2209 1088 2244 ἐστιν
1105 2207 1213 2249 οὗτος
1229 2208 1321 2252 πλὴν
1337 2208 1407 2252 ἀήρ
1423 2209 1545 2247 πολύς,

318 2274 411 2319 ῥέων
424 2272 484 2307 καὶ
498 2271 648 2317 ἀθρόος,
672 2268 770 2309 ὅστις
796 2269 870 2314 ἅμα
888 2268 946 2302 καὶ
963 2272 1105 2312 πνεῦμα
1128 2267 1274 2311 λέγεται.
1300 2266 1488 2310 Λέγεται
1501 2265 1546 2299 δὲ

316 2332 388 2367 καὶ
414 2330 584 2376 ἑτέρως
607 2333 782 2372 πνεῦμα
813 2327 836 2372 ἤ
861 2328 890 2361 τ’
916 2325 963 2361 ἐν
989 2329 1155 2370 φυτοῖς
1179 2325 1359 2367 καὶζώοις
1377 2324 1450 2358 καὶ
1474 2324 1546 2358 διὰ

315 2392 498 2426 πάντων
531 2388 754 2432 διήκουσα
798 2384 995 2430 ἔμψυχός
1028 2397 1072 2419 τε
1097 2384 1168 2418 καὶ
1193 2383 1376 2428 γόνιμος
1401 2383 1548 2426 οὐσία,

316 2449 399 2495 περὶ
423 2445 467 2493 ἧς
490 2451 556 2482 νῦν
581 2446 693 2490 λέγειν
717 2445 783 2479 οὐκ
809 2444 1014 2487 ἀναγκαῖον.
1091 2447 1142 2477 10.
1173 2444 1227 2486 Cf.
1253 2455 1363 2485 supra
1378 2455 1472 2486 pay„
1492 2444 1548 2482 77,

317 2512 377 2543 lin.
403 2511 459 2542 10.
560 2509 612 2539 19.
643 2505 855 2546 Alexander,
890 2504 1035 2537 Summa
1059 2502 1155 2535 theol
1199 2502 1344 2542 Quaest.
1375 2501 1440 2533 LX
1464 2501 1549 2542 (Ed.

318 2567 417 2600 Alex.
447 2566 611 2599 Summae
644 2563 755 2597 Venet.
788 2564 879 2596 1575
908 2562 953 2594 II
975 2561 1043 2594 100
1068 2562 1130 2601 ss.)
1234 2561 1288 2592 21.
1315 2558 1408 2591 Eccl.
1438 2560 1472 2599 3,
1497 2561 1548 2591 19.

276 2701 304 2731 l.
332 2701 366 2730 et
390 2708 453 2730 om.
479 2697 518 2729 P.
616 2696 647 2727 3.
676 2697 709 2726 et
728 2704 798 2735 pro
824 2696 862 2724 ut
887 2692 916 2723 A
932 2692 971 2723 B.
1068 2689 1172 2722 modo
1198 2700 1261 2722 om.
1286 2689 1327 2722 P.
1422 2690 1453 2720 5.
1481 2698 1549 2729 quo

228 2757 309 2798 GP,
348 2755 499 2798 qualiter
531 2753 572 2786 A.
717 2754 770 2784 10.
802 2752 913 2793 primo
948 2748 1134 2781 BCPPr.
1278 2749 1331 2780 13.
1371 2749 1404 2779 et
1435 2745 1552 2778 futilia

228 2815 312 2847 add.
331 2814 410 2847 BP.
507 2813 559 2845 18.
585 2811 693 2844 tercio
719 2810 747 2841 B
765 2809 791 2841 C
806 2809 833 2841 P
848 2809 904 2842 Pr.
1003 2808 1162 2848 superest
1185 2805 1226 2838 B.
1326 2806 1377 2836 19.
1400 2803 1485 2836 dicit
1509 2803 1550 2836 B.

232 2875 286 2905 22.
314 2883 403 2914 eque
428 2872 455 2903 B
472 2870 498 2903 O
514 2871 569 2902 Pr.
587 2870 628 2910 P,
652 2869 690 2900 in
716 2878 806 2911 equo
832 2867 976 2900 homine
1000 2866 1040 2899 A.
1151 2866 1205 2897 25.
1232 2863 1392 2896 interiori
1418 2863 1448 2894 A
1465 2861 1503 2894 C.
