2035 3359
210 217 289 253 112

928 220 1166 253 ιῐΟΗΑΝΝΙε
1193 219 1382 251 WICLIF.
1661 206 1757 256 [οΑΡ.
1780 214 1831 239 vx.

502 326 710 369 sonaliter
743 340 849 368 vero
884 325 1142 382 accipiendo
1176 323 1414 377 hominem,
1449 328 1497 363 ut
1528 321 1832 363 indifferenter

505 398 612 439 dicit
646 411 972 454 quamcumque
1025 410 1133 449 rem,
1189 410 1274 450 que
1309 400 1374 435 est
1406 406 1594 449 persona
1629 391 1831 445 hominis,

508 469 805 524 consequitur,
842 467 956 522 quod
994 473 1059 508 est
1092 465 1288 521 quelibet
1310 479 1412 520 pars
1438 463 1529 505 eius
1554 462 1830 516 quiditativa,

506 539 619 580 sicut
664 544 730 580 est
775 538 829 580 de
878 536 1075 594 qualibet
1118 535 1201 578 alia
1253 541 1472 577 ereatura:
1525 541 1674 592 partes
1721 533 1833 575 enim

504 609 763 666 quiditative
809 614 853 650 et
897 607 1141 650 subiective
1188 607 1241 649 de
1287 621 1333 648 se
1366 612 1515 648 mutuo
1550 604 1870 661 predicantur5

502 685 545 721 et
573 678 836 734 generaliter
860 679 1171 733 cuiuscumque
1194 677 1376 718 materie
1399 677 1641 731 composite
1677 675 1832 717 eadem

503 750 700 792 essencia
732 749 803 793 vel
836 764 1030 806 persona
1075 753 1142 790 est
1173 748 1359 789 materia
1392 753 1434 789 et
1465 746 1606 788 forma
1641 751 1683 788 et
1717 760 1832 788 eom-

502 821 667 877 posicio
693 820 947 863 earundem.
970 817 1093 861 Alias
1118 818 1232 861 enim
1257 817 1362 872 dixi,
1396 817 1511 874 quod
1536 817 1579 858 in
1603 815 1834 858 abstractis

503 892 647 932 anima
698 891 815 933 idem
870 896 935 932 est
978 905 1104 932 suum
1149 903 1245 931 esse
1289 894 1332 929 et
1380 888 1588 942 essencia,
1642 887 1833 943 quiditas

503 962 595 1004 sive
627 962 732 1009 vita,
779 976 877 1002 cum.
912 959 1148 1016 utrobique
1193 959 1236 1000 in
1280 957 1440 1000 talibus
1474 959 1529 999 sit
1560 958 1836 1000 intransitiva
1854 964 1895 996 10

503 1032 794 1074 consti-nocio.
872 1030 958 1073 Sed
1024 1031 1066 1071 in
1131 1029 1386 1085 compositis
1450 1028 1695 1071 subiectum
1754 1043 1836 1071 nec

505 1108 571 1145 est
634 1102 819 1144 materia
874 1116 956 1143 nec
1009 1101 1148 1143 forma
1201 1115 1291 1154 sua,
1353 1105 1395 1141 et
1454 1100 1496 1140 in
1558 1114 1836 1156 quocumque

502 1172 606 1214 talia
659 1173 807 1215 omnia
859 1177 958 1214 sunt
1004 1171 1157 1213 eadem
1204 1171 1413 1212 essencia.
1477 1170 1535 1212 Et
1578 1170 1711 1225 igitur
1751 1184 1836 1212 non

503 1244 712 1301 sequitur,
748 1245 782 1285 si
805 1243 844 1284 A
878 1243 1154 1300 suppositum
1187 1248 1253 1284 est
1284 1242 1415 1296 idem,
1450 1241 1567 1297 quod
1603 1247 1668 1283 est
1699 1240 1838 1282 altera

503 1330 608 1371 pars
655 1313 924 1371 qualitativa,
973 1315 1090 1371 quod
1138 1312 1297 1355 exinde
1343 1313 1397 1354 sit
1428 1328 1530 1369 pars
1565 1310 1834 1368 qualitativa,
1853 1318 1894 1349 15

504 1387 614 1428 sicut
646 1400 732 1428 non
780 1386 976 1442 sequitur
1017 1385 1124 1427 deus
1169 1390 1295 1441 pater
1344 1390 1409 1425 est
1453 1383 1582 1435 idem,
1619 1382 1737 1439 quod
1772 1387 1838 1424 est

500 1455 615 1499 filius
650 1471 767 1511 suus,
805 1471 908 1511 ergo
957 1456 1064 1497 deus
1109 1462 1236 1511 pater
1282 1461 1347 1496 est
1379 1454 1493 1496 filius
1534 1469 1651 1496 suus.
1716 1452 1837 1495 Sicut

503 1542 607 1582 ergo
641 1542 729 1569 non
762 1528 961 1583 sequitur
1010 1526 1117 1568 deus
1152 1532 1218 1567 est
1249 1524 1362 1566 filius
1397 1524 1479 1577 dei,
1515 1525 1588 1581 qui
1623 1530 1687 1566 est
1719 1523 1837 1566 idem

504 1597 624 1653 deus,
672 1613 775 1653 ergo
820 1597 938 1640 idem
985 1603 1050 1639 est
1081 1596 1195 1639 filius
1242 1611 1358 1650 suus,
1413 1596 1473 1636 ita
1505 1610 1590 1636 non
1624 1594 1837 1651 sequitur,
1853 1574 1992 1655 fos-³532

503 1669 585 1710 ista
618 1670 817 1710 essencia
859 1668 931 1710 vel
976 1668 1059 1709 ista
1102 1681 1293 1723 persona
1339 1672 1404 1708 est
1436 1666 1518 1707 iste
1550 1664 1684 1707 homo
1721 1680 1898 1713 com-20

502 1739 674 1794 positus
708 1745 751 1780 et
784 1739 876 1781 eius
908 1739 1093 1780 materia
1126 1739 1217 1780 sive
1251 1737 1404 1788 forma,
1452 1751 1556 1792 ergo
1591 1736 1673 1778 iste
1706 1735 1836 1778 homo

505 1814 570 1850 est
604 1809 695 1851 eius
719 1810 904 1851 materia
927 1809 1019 1851 sive
1052 1809 1204 1850 forma.
1239 1808 1297 1849 Et
1329 1808 1545 1864 peridem
1579 1821 1665 1848 non
1699 1806 1838 1862 sequi-

499 1885 582 1933 tur,
628 1879 746 1935 quod
794 1879 958 1936 aliquid
1001 1880 1151 1935 gignit,
1199 1879 1425 1934 componit
1475 1877 1547 1920 vel
1594 1883 1745 1919 causat
1777 1891 1837 1930 se,

503 1948 605 1991 licet
637 1951 691 1991 sit
724 1949 887 2007 aliquid
923 1950 1040 2007 quod
1076 1956 1153 2006 est,
1200 1949 1256 1990 sit
1289 1947 1437 2002 multa,
1485 1963 1669 2004 quorum
1702 1962 1837 1988 unum

502 2020 652 2075 gignit,
670 2019 740 2062 vel
766 2027 915 2063 causat
937 2020 1074 2063 multa
1097 2027 1139 2062 et
1161 2019 1324 2077 aliquid
1352 2019 1545 2075 gignitur
1564 2017 1635 2061 vel
1650 2023 1835 2061 creatur.
1853 2035 1895 2066 25

502 2090 608 2133 Ideo
642 2105 728 2132 non
773 2093 984 2148 sequitur,
1032 2092 1150 2148 quod
1186 2090 1333 2147 aliqua
1380 2105 1450 2132 res
1497 2090 1551 2130 sit
1602 2089 1721 2144 prior
1766 2087 1837 2131 vel

500 2163 720 2218 posterior
753 2163 911 2218 seipsa,
946 2161 1051 2204 licet
1083 2163 1139 2204 sit
1172 2162 1357 2203 duarum
1389 2174 1534 2202 rerum
1568 2174 1666 2213 una,
1701 2159 1838 2202 altera

501 2233 737 2288 posterior,
778 2232 898 2289 prior
930 2233 1062 2288 igitur
1096 2234 1161 2288 sit,
1209 2232 1285 2273 sed
1320 2246 1406 2273 non
1441 2229 1709 2287 simpliciter.
1742 2229 1836 2272 Nec

504 2302 714 2358 sequitur,
749 2303 867 2360 quod
901 2305 1046 2345 anima
1081 2304 1141 2344 sic
1172 2301 1389 2344 sensibilis
1423 2300 1618 2342 ambulat
1639 2299 1710 2342 vel
1732 2299 1836 2342 facit

548 2398 578 2428 9.
602 2401 682 2437 post
725 2400 777 2429 est
809 2397 891 2430 anm.
921 2408 1003 2439 ergo
1037 2398 1105 2429 iste
1136 2397 1241 2428 homo
1277 2400 1329 2428 cst
1360 2396 1509 2428 materia
1544 2395 1619 2427 sive
1650 2395 1764 2426 forma
1793 2393 1834 2426 A.

503 2458 556 2488 12.
584 2456 613 2487 si
638 2457 849 2498 proponitur
870 2461 951 2498 post
978 2460 1011 2488 et
1037 2456 1121 2488 add.
1148 2456 1190 2496 A,
1216 2465 1281 2487 sua
1312 2454 1375 2487 sed
1402 2458 1435 2487 et
1462 2454 1500 2487 C.
1594 2455 1645 2486 13.
1673 2453 1835 2485 essencia

502 2526 563 2545 om.
606 2515 645 2546 P.
793 2518 844 2547 14.
885 2516 913 2547 si
952 2516 980 2547 A
1020 2527 1083 2547 om.
1124 2517 1161 2547 Β.
1312 2517 1361 2546 15.
1402 2514 1497 2556 quod
1537 2533 1577 2537 ——
1621 2512 1834 2555 qualitativa

502 2584 563 2603 om.
592 2573 630 2604 P.
780 2575 830 2605 16.
864 2574 957 2606 idem
993 2585 1054 2605 om.
1082 2574 1109 2605 B
1127 2573 1153 2605 C
1172 2575 1225 2614 l‘r,
1254 2573 1289 2604 id
1317 2573 1375 2605 Pr.
1522 2573 1573 2603 18.
1603 2581 1673 2602 non
1701 2581 1763 2601 om.
1791 2569 1831 2603 B.

501 2632 555 2662 20.
584 2632 620 2662 i¹¹L
646 2632 751 2682 lionio
778 2642 930 2673 persona
958 2634 1046 2671 (cic).
1170 2634 1225 2665 21.
1254 2643 1293 2663 ex
1320 2643 1388 2672 pro
1408 2635 1441 2663 et
1463 2630 1502 2672 A,
1529 2629 1584 2662 vel
1605 2640 1674 2670 pro
1701 2629 1775 2660 sive
1792 2627 1831 2659 A.

502 2703 554 2733 24.
584 2702 679 2733 :iliud
708 2703 747 2734 A.
869 2713 1017 2745 quorum
1049 2722 1084 2725 —
1116 2702 1225 2733 multo
1259 2714 1313 2734 om
1350 2703 1389 2733 A.
1511 2703 1566 2732 25.
1596 2699 1707 2730 multa
1733 2697 1830 2729 aliud

499 2761 606 2800 igitur
632 2771 702 2791 non
730 2762 811 2801 (siv)
838 2761 865 2792 P
882 2762 938 2801 Pr,
965 2762 1073 2801 igitur
1101 2762 1201 2793 eliam
1229 2761 1265 2792 C.
1363 2760 1460 2792 aliud
1485 2759 1526 2791 A.
1609 2758 1663 2789 vel
1693 2760 1831 2788 creatur

500 2829 562 2850 om..
593 2819 618 2849 13
636 2819 706 2850 GP
724 2820 777 2851 Pr.
858 2822 912 2852 ⁶28.
942 2822 1144 2851 naturarum
1169 2831 1238 2860 pro
1265 2830 1379 2851 rorum
1407 2819 1447 2858 A,
1474 2819 1582 2858 igitur
1607 2828 1670 2849 om.
1697 2815 1724 2846 Β
1746 2814 1772 2845 C
1789 2815 1828 2845 Ρ.

502 2878 554 2908 ²22³.
584 2878 634 2908 sic
661 2888 726 2909 om.
754 2877 793 2909 A.
